4168 6502
521 997 617 1094 199.
652 965 809 1062 Flavius
830 965 1023 1062 Blandus.
1187 997 1275 1090 277

258 1202 383 1266 lentiam
397 1205 611 1290 levitatemque
620 1205 801 1290 castigavere
812 1204 915 1266 multis
924 1225 1032 1268 eorum
1042 1201 1125 1282 cesis,
1139 1204 1276 1286 plurimis
1290 1230 1348 1278 ηις

258 1289 1277 1376 interceptisinquibusGualteriusregisanciecamermiusMilo

259 1376 465 1442 Nantolienlis
480 1378 694 1444 &vicecomes
709 1379 817 1442 Sansle
832 1379 962 1442 susanne
981 1379 1105 1443 ditiores
1125 1380 1279 1462 potentio-

258 1463 361 1546 resque
375 1467 468 1529 suere.
479 1465 521 1529 Et
534 1466 664 1530 loannes
675 1489 728 1530 rex
742 1473 822 1550 igne,
832 1483 866 1529 ut
876 1467 1039 1548 appeliant,
1049 1488 1141 1549 greco
1152 1467 1279 1546 afflatus,

259 1554 341 1635 quod
357 1553 472 1618 facibus
497 1555 677 1638 tragulisque
691 1554 844 1618 Sarraceni
867 1556 1030 1617 immittere
1049 1554 1279 1634 consueverunt,

259 1660 366 1704 manus
381 1642 550 1724 faciemque
564 1642 737 1705 combustus
751 1641 801 1705 est.
816 1641 971 1730 Quievere
984 1641 1177 1724 postmodum
1187 1643 1279 1704 chris-

260 1728 332 1790 tiani
341 1755 351 1805 3
366 1729 483 1812 fuitque
497 1729 639 1811 exemplo
654 1728 829 1808 Gallorum,
845 1747 878 1793 ut
890 1732 1045 1792 neminem
1066 1731 1143 1791 ultra
1162 1729 1279 1792 nostro-

259 1833 326 1878 rum
350 1816 483 1878 militum
513 1817 608 1878 libido
641 1819 757 1900 ceperit
780 1818 894 1880 nedum
918 1817 1093 1896 Soldanum,
1117 1816 1225 1879 sedne
1248 1820 1279 1881 in

260 1900 388 1966 obsell'os
414 1923 547 1985 pugnam
572 1904 705 1966 ineundi.
730 1903 777 1966 Ea
800 1906 882 1966 enim
910 1904 990 1981 urbs,
1010 1903 1083 1965 sicut
1111 1906 1281 1982 docuimus,

261 1989 465 2070 munitissima,
492 2012 649 2074 nunquam
676 1992 707 2054 in
732 1992 1010 2074 oppugnationibus
1034 1993 1101 2072 capi
1131 1989 1281 2074 potuisset,

262 2097 322 2160 que
336 2077 600 2141 &commeatibus
615 2079 795 2158 abundabat,
816 2077 863 2141 sed
880 2077 1047 2160 pestilentia
1070 2079 1175 2160 ingens
1189 2079 1280 2160 ipsam

262 2165 436 2229 mirandum
452 2167 482 2227 in
497 2167 624 2228 modum
639 2165 786 2248 populata
797 2166 848 2229 est.
862 2165 959 2252 Quod
971 2167 1094 2250 quidem
1105 2166 1281 2230 christianos
1410 2167 1412 2174 '

262 2251 386 2332 latuisse,
401 2269 434 2315 ut
447 2254 551 2332 credo,
565 2253 674 2316 adduci
688 2276 727 2317 ne
751 2251 960 2332 uivilsem,nis1
975 2257 1052 2335 apud
1070 2275 1176 2318 omnes
1190 2254 1282 2336 scrip-

263 2355 342 2402 tores
357 2339 385 2402 id
408 2340 542 2402 constare
565 2341 709 2402 viderem.
724 2277 817 2402 sorte
832 2340 869 2401 ad
884 2340 1025 2422 quintum
1039 2340 1172 2402 mensem
1187 2362 1282 2423 quum

263 2425 378 2492 Gallici
394 2428 424 2488 in
438 2426 605 2491 Soldanum
619 2427 697 2490 male
716 2442 932 2510 pugnaverant,
953 2428 1041 2509 pauci
1063 2429 1174 2492 milites
1192 2429 1283 2490 chris-

263 2515 335 2578 tiani
345 2511 488 2577 Damiate
496 2531 598 2596 portas
607 2515 732 2597 propius
740 2513 933 2591 accesserunt,
945 2513 1017 2596 quid
1027 2515 1057 2576 in
1067 2515 1139 2576 urbe
1147 2531 1284 2598 ageretur

175 2663 181 2676 ,
206 2627 249 2676 e„
262 2603 458 2685 exploraturi,
475 2599 663 2684 silentioque,
678 2602 760 2684 quod
775 2602 888 2682 ubique
903 2603 932 2663 in
954 2602 1189 2684 propugnaculis
1203 2602 1284 2681 esset,

263 2690 410 2752 admoniti
426 2689 502 2767 sunt,
520 2704 571 2752 aut
584 2689 722 2752 custodes
736 2689 830 2751 altum
846 2689 958 2770 sopitos
978 2685 1045 2765 else,
1062 2706 1113 2751 aut
1124 2689 1216 2752 alium
1231 2711 1284 2772 per

264 2796 397 2840 errorem
410 2779 537 2839 omnino
552 2773 657 2839 abesse.
673 2775 782 2861 Quare
796 2776 983 2858 pedetentim
1005 2777 1166 2840 reserentes
1187 2778 1283 2841 socios

263 2864 413 2926 advocant
427 2862 574 2946 scalasque
590 2862 705 2944 semper
718 2863 750 2924 in
765 2864 898 2944 pretorio
910 2862 946 2925 ad
962 2864 991 2924 id
1014 2880 1131 2945 paratas
1149 2885 1283 2946 conpor-

264 2965 337 3024 tant,
350 2949 461 3032 quibus
476 2951 508 3012 in
523 2950 750 3033 propugnacula
765 2966 851 3033 porte
873 2948 1001 3013 saciliter
1019 2951 1061 3014 est
1081 2951 1283 3014 conscensum.

264 3035 306 3100 Et
319 3037 442 3100 nemine
456 3037 624 3117 obsistente,
636 3054 686 3099 aut
699 3036 833 3100 clamore
847 3060 901 3100 eos
916 3039 1072 3120 prodente,
1082 3040 1191 3103 cohors
1207 3041 1284 3102 inte-

263 3146 317 3209 gra
336 3142 453 3208 portam
478 3127 584 3203 tenuit,
609 3147 701 3208 quam
722 3127 796 3187 dum
809 3126 959 3188 securibus
981 3127 1154 3208 malleisque
1178 3128 1284 3190 refrin-

263 3230 354 3297 gunt:
374 3228 577 3292 accurrentes,
600 3214 652 3296 qui
672 3234 708 3275 ex
729 3212 898 3277 Sarracenis
916 3211 1073 3296 strepitum
1093 3214 1284 3297 sonitumque

266 3303 352 3385 primi
379 3301 605 3380 exaudiveram,
628 3301 768 3363 consoffi:
792 3301 1004 3385 christianique
1029 3303 1148 3365 interim
1163 3317 1284 3383 patente

265 3389 382 3474 ingressi
397 3405 486 3472 porta
500 3390 573 3451 urbe
592 3389 681 3470 potiti
697 3391 778 3464 sunt3
793 3411 872 3451 anno
897 3391 1019 3451 tandem
1043 3391 1170 3452 dimidio
1195 3406 1284 3474 atque

265 3479 393 3561 integro,
407 3476 566 3559 postquam
582 3479 677 3539 suerat
692 3474 813 3556 obsessa,
827 3499 918 3559 quem
931 3499 1081 3540 nonarum
1096 3479 1284 3544 Novembris
1298 3502 1382 3548 ΝΜ

266 3565 380 3628 sextum
396 3565 477 3627 diem
492 3561 849 3647 fuiffeconstat.1ngreffi
865 3565 971 3627 urbem
992 3565 1151 3644 christiani,
1167 3563 1284 3630 infidias

267 3655 366 3736 primo
380 3651 525 3714 dolumve
538 3653 575 3714 ab
590 3652 673 3713 hoste
684 3651 827 3714 strudlum
842 3652 1076 3735 suspicabantur:
1094 3654 1176 3736 quod
1187 3654 1285 3716 nemi-

267 3741 383 3802 nemin
399 3741 505 3822 plateis
518 3739 654 3818 obvium,
668 3741 821 3802 neminem
837 3741 866 3802 in
882 3741 969 3803 tediis
982 3757 1034 3802 aut
1050 3743 1086 3802 ad
1102 3742 1242 3804 fenestras
1257 3740 1285 3803 se

268 3828 436 3912 prospicere
460 3828 612 3889 videbant.
628 3827 684 3890 Sed
706 3826 859 3891 intelledta
882 3827 924 3890 est
947 3828 1043 3890 statim
1070 3829 1149 3891 urbis
1174 3829 1286 3892 deserte

268 3916 433 3994 calamitas,
447 3915 528 3998 quod
545 3914 643 3996 platee
664 3915 764 3997 palllm
788 3917 908 3998 vicique
932 3937 1039 3979 omnes
1052 3917 1082 3979 δι
1097 3918 1199 3978 edium
1213 3918 1287 3979 atria

268 4005 462 4071 cadaveribus
476 4002 628 4086 utriusque
643 4003 728 4067 sexus
741 4003 898 4086 omnisque
909 4005 995 4068 etatis
1006 4005 1167 4068 hominum
1181 4021 1287 4068 conte·

268 4094 424 4178 gebantur,
437 4092 467 4155 da
482 4095 575 4176 quiin
592 4093 734 4155 ddmibus
748 4093 809 4154 vivi
824 4091 889 4154 sunt
900 4092 1021 4174 reperti,
1030 4110 1081 4155 aut
1091 4091 1153 4173 ipso
1164 4090 1288 4175 langue-

269 4183 342 4244 bant
355 4182 473 4260 morbo,
483 4196 536 4242 aut
549 4179 672 4243 salutem
684 4179 734 4242 srbi
746 4201 763 4241 a
773 4179 902 4262 langoris
914 4177 1102 4242 simulatione
1112 4181 1288 4262 querebant.

268 4268 367 4332 Fuere
396 4285 497 4330 autem
524 4289 631 4331 omnes
657 4269 723 4345 {iam
755 4269 872 4349 integra
898 4287 990 4347 quam
1018 4266 1096 4329 mala
1117 4267 1289 4330 valetudine

270 4359 404 4420 viventes
419 4356 474 4418 tria
488 4358 621 4418 virorum
632 4354 736 4431 millia,
750 4376 820 4416 curn
832 4351 995 4416 obsidionis
1007 4356 1156 4436 principio
1171 4353 1289 4420 fuissent

271 4445 464 4529 septuaginta.
480 4440 579 4506 Portis
593 4443 706 4525 ubique
721 4439 998 4522 munitionibusque
1019 4440 1178 4503 christiano
1199 4443 1286 4507 militi

270 4535 306 4598 ad
322 4530 489 4595 custodiam
503 4531 663 4607 attributis,
678 4529 750 4591 vicit
764 4530 794 4592 in
813 4525 937 4591 consilio
952 4528 1106 4606 sententia,
1128 4529 1242 4600 tamdiu
1258 4530 1288 4590 in

270 4615 370 4680 castris
383 4619 647 4696 commorandum,
665 4615 820 4700 quousque
835 4630 958 4698 purgata
972 4615 1168 4678 cadaveribus
1182 4637 1289 4678 emun-

270 4706 400 4788 dataque
415 4705 486 4769 urbs
500 4703 560 4768 visa
580 4703 651 4768 esset
669 4703 872 4767 salubritatem
892 4705 969 4767 airis
987 4701 1137 4786 recepisse.
1153 4702 1289 4769 Conces-
