4168 6502
590 1004 684 1117 176.
714 998 757 1088 S.
781 999 1082 1091 Bonaventura.
1256 1031 1334 1124 ²5¹

327 1254 432 1333 nollet,
442 1254 491 1318 vel
502 1255 598 1319 forsan
611 1279 674 1320 non
685 1257 817 1337 auderet,
832 1259 949 1341 rogavit
960 1275 1060 1321 tamen
1076 1259 1185 1322 devote
1197 1261 1344 1323 famulum

327 1343 447 1422 Christi,
470 1359 504 1406 ut
525 1343 660 1426 predicta
680 1343 838 1427 susciperet
862 1366 918 1427 pro
939 1345 1030 1408 salute
1053 1343 1154 1427 ipfius,
1178 1347 1344 1413 christianis

327 1432 507 1514 pauperibus
532 1432 580 1493 vel
598 1429 730 1495 ecclesiis
752 1433 916 1516 erogantia.
940 1430 1007 1515 lpse
1028 1453 1109 1513 vero,
1133 1436 1204 1517 quia
1225 1437 1344 1518 pondus

325 1519 459 1601 fugiebat
473 1520 611 1601 pecunie,
625 1520 654 1583 δι
669 1521 699 1582 in
714 1520 815 1582 animo
829 1521 953 1585 Soldani
968 1541 1036 1584 vere
1051 1523 1169 1603 pietatis
1183 1544 1245 1585 non
1260 1525 1345 1585 vide-

326 1607 377 1670 bat
389 1607 533 1685 radicem,
546 1603 717 1670 nullatenus
730 1609 891 1690 acquievit
906 1609 1022 1672 Videns
1037 1609 1139 1687 etiam,
1152 1608 1180 1670 se
1195 1630 1258 1670 non
1274 1631 1344 1692 pro·

324 1695 415 1782 licere
436 1696 466 1757 in
490 1693 684 1757 conversione
707 1698 805 1778 gentis
829 1695 919 1774 illius,
942 1717 999 1758 nec
1024 1696 1108 1758 suum
1132 1693 1242 1779 allequi
1263 1696 1344 1779 polle

325 1779 524 1867 propositum,
543 1783 580 1845 ad
599 1799 699 1864 partes
712 1782 858 1863 fidelium,
876 1785 978 1846 divina
993 1783 1177 1846 revelatione
1191 1787 1345 1866 premoni-

125 1875 171 1922 Th·
183 1875 314 1934 deeehno,
326 1867 384 1947 tui,
405 1870 559 1932 remeavit
583 1881 622 1934 Sic
643 1881 729 1951 itaque
750 1881 799 1934 Dei
821 1881 952 1934 ordinante
972 1881 1113 1946 clementia,
1126 1871 1216 1933 sandll
1238 1872 1267 1933 ἃ
1289 1872 1343 1932 viri

139 1945 209 2009 supra
221 1963 241 2007 Ρ·
254 1958 298 2004 ²47
327 1973 517 2038 promerente
539 1958 658 2036 virtute,
681 1960 908 2013 misericorditer&
921 1959 1067 2012 mirabiliter
1087 1959 1180 2012 saelum
1202 1961 1246 2022 ell,
1275 1961 1343 2029 quod

326 2046 415 2100 Christi
433 2047 528 2100 amicus
548 2059 652 2101 mortem
675 2063 720 2117 pro
741 2048 792 2117 ipso
806 2047 899 2100 viribus
916 2049 976 2100 totis
988 2045 1135 2116 exquireret,
1155 2050 1179 2100 δι
1194 2060 1278 2100 tamen
1291 2048 1345 2100 nul-

326 2125 574 2194 incontinenter,
589 2139 623 2187 ut
641 2124 670 2185 ἃ
691 2124 801 2186 merito
819 2146 882 2187 non
905 2139 1020 2186 careret
1040 2124 1135 2204 optati
1151 2123 1297 2207 martyrij,
1315 2123 1344 2186 dr

326 2210 517 2292 infignendus
541 2212 703 2274 servaretur
726 2213 756 2273 in
775 2211 925 2296 posterum
952 2210 1108 2294 privilegio
1127 2211 1275 2293 srngulari.
1296 2211 1345 2274 Sic

327 2299 431 2381 utique
445 2299 559 2361 factum
572 2299 624 2377 eil,
638 2315 671 2361 ut
684 2300 761 2382 ignis
776 2299 826 2360 ille
838 2299 958 2362 divinus
969 2300 1068 2360 adhuc
1084 2298 1245 2379 persedlius
1257 2296 1345 2379 ipsrus

326 2385 452 2449 estuaret
472 2387 503 2448 in
524 2390 628 2466 corde,
647 2403 681 2449 ut
699 2387 766 2469 poll
787 2388 940 2468 potentius
960 2402 1140 2468 evaporaret
1154 2386 1294 2450 incarne.
1311 2388 1344 2453 Ο

325 2495 395 2536 vere
422 2474 544 2536 beatum
572 2475 679 2552 virum,
706 2475 792 2537 cuius
816 2496 898 2551 caro,
927 2470 979 2535 etst
1004 2474 1162 2554 tyrannico
1188 2473 1267 2535 ferro
1282 2496 1345 2536 non

324 2561 452 2639 ceditur,
479 2559 569 2624 occist
594 2577 694 2624 tamen
723 2563 804 2644 Agni
828 2559 1021 2623 similitudine
1042 2582 1103 2622 non
1127 2561 1274 2643 privatur!
1302 2563 1346 2640 O,

325 2650 471 2731 inquiam,
488 2671 557 2712 vere
581 2670 616 2712 ac
641 2649 729 2731 plene
749 2651 882 2728 beatum,
896 2650 982 2711 cuius
1001 2651 1134 2710 animam
1154 2646 1207 2711 etst
1228 2649 1345 2732 gladius

325 2735 523 2820 persecutoris
556 2759 618 2798 non
653 2737 783 2815 abstulit,
815 2735 946 2817 palmam
982 2752 1082 2800 tamen
1115 2738 1249 2820 martyrij
1283 2758 1345 2798 non

325 2823 440 2888 amistt!

379 3065 452 3137 177.
481 3044 631 3113 Chronico
646 3046 822 3136 pontificum
838 3043 869 3110 dr
887 3048 1098 3137 imperatorum
1116 3043 1299 3112 Mantuano

775 3173 820 3236 l-
840 3172 927 3236 mal·

525 3311 621 3380 [Pertz‚
634 3312 739 3364 Manum.
752 3313 846 3374 Germ„
859 3312 910 3376 SS.‚
924 3309 1020 3376 XXIV,
1033 3328 1056 3379 p.
1070 3325 1101 3360 ιι
1108 3311 1144 3377 5.]

832 3425 851 3467 a

233 3567 253 3610 p.
265 3562 308 3611 215
363 3529 463 3592 Huius
478 3528 621 3611 (Honorij
637 3524 694 3601 III)
711 3543 849 3610 tempore
863 3547 914 3589 rex
929 3525 954 3589 F
955 3525 1050 3588 rantie
1062 3525 1237 3589 Damiatam
1253 3528 1345 3610 cepit,
1361 3562 1420 3609 1219

323 3617 364 3679 set
386 3617 476 3698 paulo
496 3617 562 3700 post
579 3619 640 3699 ipse
659 3637 729 3678 cum
752 3637 861 3698 magna
874 3613 1068 3677 multitudine
1085 3614 1313 3677 christianorum
1328 3637 1345 3677 a

324 3705 478 3768 Saracenis
489 3707 616 3786 capitur,
631 3707 711 3767 unde
726 3701 901 3766 Damiatam
922 3703 964 3765 eis
979 3701 1107 3765 restituit
1129 3724 1183 3784 pro
1205 3702 1345 3784 redemp-

324 3794 407 3857 tione
421 3792 472 3855 sua
484 3814 555 3854 cum
569 3791 687 3854 infinita
698 3793 835 3875 pecunia

474 4016 547 4105 178.
574 4017 730 4084 {neonus
748 4032 798 4083 nu
814 4013 1022 4084 Vonnoma
1046 4024 1078 4092 (†
1096 4023 1186 4091 1298),

666 4165 834 4233 Clrronicon
853 4167 1004 4254 lerinense.

572 4337 720 4407 [Muratori
732 4340 771 4390 SS.
786 4338 838 4390 RR.
851 4335 1004 4401 Italicarum,
1017 4348 1037 4388 t.
1049 4337 1108 4406 1x.]

831 4448 850 4492 ²3

228 4584 310 4644 c01.45
364 4561 458 4624 Anno
472 4561 581 4624 deinde
603 4559 771 4625 MCCXX
791 4577 879 4642 capta
897 4560 952 4622 fuit
975 4559 1119 4622 Damiata
1140 4559 1245 4622 civitas
1261 4557 1346 4620 Sara-
1363 4585 1421 4618 mo

324 4669 471 4713 cenorum
498 4649 536 4711 ab
563 4649 698 4711 exercitu
725 4646 965 4727 christianorum,
992 4651 1028 4710 ad
1057 4669 1152 4731 quem·
1177 4647 1345 4709 exercitum

326 4735 485 4800 lanuenses
498 4735 597 4822 galeas
612 4759 641 4799 x.
656 4736 809 4800 miserunt.
