4336 6572
593 994 633 1085 9.
673 962 794 1088 Geflo
826 961 1056 1092 Frifiorum.
1289 997 1341 1084 17

328 1231 422 1281 Sanilae
435 1223 520 1280 Crucis
526 1224 628 1292 signati,
633 1225 738 1290 sortiter
750 1235 843 1294 peceato
849 1236 990 1296 repugnate,
995 1225 1124 1294 paramini
1133 1227 1161 1278 Β
1168 1243 1210 1280 nos
1214 1225 1347 1296 sequimini

329 1307 355 1360 in
371 1306 476 1358 ‘l'erram
493 1306 616 1367 sannen,
630 1304 775 1372 Ierusalem,
794 1322 845 1358 ecce
857 1315 925 1375 patet
935 1322 1037 1374 regnum
1047 1305 1171 1371 calorum,
1181 1309 1245 1374 quod
1255 1307 1346 1360 maiore

329 1384 439 1441 villaria
456 1382 526 1452 potiti
538 1382 699 1436 intrabitis!»
719 1386 785 1436 Tunc
797 1384 943 1452 festinanter
963 1385 1104 1453 equitabant
1111 1394 1158 1453 per
1176 1389 1240 1438 aira
1253 1388 1345 1454 versus

327 1465 441 1518 orientem
451 1479 493 1514 nec
506 1461 611 1531 amplius
622 1462 783 1515 videbantur.

228 1561 253 1607 p·
267 1556 315 1605 304
362 1543 472 1609 Frtsones
486 1559 549 1594 nunc
554 1541 587 1608 se
597 1551 761 1610 paraverunt
773 1543 806 1606 ὅ,
820 1543 927 1595 omnibus
939 1543 1005 1595 bonis
1016 1561 1046 1595 ac
1063 1543 1227 1611 pffffionibus
1238 1553 1285 1612 pro
1297 1547 1346 1598 Deo

14 1567 17 1730 ι
326 1623 425 1686 relidit,
435 1620 545 1674 celeriter
558 1622 730 1690 expeditionem
748 1622 908 1692 Hierosolyma
914 1623 1079 1692 susceperunt.
1100 1628 1153 1691 Quo
1168 1640 1241 1693 quum
1257 1624 1345 1694 venis-

319 1701 387 1768 sent,
399 1701 435 1754 ibi
446 1701 597 1754 invenerunt
606 1700 740 1753 exercitum
747 1709 862 1769 potentem
873 1701 1056 1768 christianorum
1070 1719 1122 1753 cum
1133 1701 1219 1761 multis,
1227 1703 1346 1756 cardina·

14 1753 19 2086 Ι
328 1782 399 1847 tous,
410 1779 531 1850 coreno,
542 1779 736 1848 arescendo,
750 1779 857 1849 rogitus,
871 1781 980 1844 euersos,
993 1780 1122 1846 omasus,
1134 1781 1259 1846 moesos,
1275 1783 1347 1835 sare

326 1861 405 1914 nibus.
425 1865 532 1928 Qucum
548 1858 658 1912 exercitu
668 1859 838 1928 profeHisunt
847 1863 884 1912 ad
893 1862 977 1913 urbem
988 1861 1131 1914 Damiatam
1147 1879 1198 1930 quae
1210 1861 1346 1930 christianis

325 1939 514 2009 perniciosiffima
529 1940 566 1990 ad
577 1938 693 2004 fluvium
704 1939 787 1992 Nilum
793 1939 843 2008 fita
854 1950 925 2006 erat,
942 1941 976 1991 ab
997 1938 1095 1992 Oriente
1109 1941 1264 1993 muniebatur
1280 1943 1348 1995 turri

319 2018 449 2088 soruffma
462 2019 551 2086 &sere
564 2015 757 2084 impugnabili.
778 2022 860 2082 Quam
875 2017 1001 2084 cbrisufani
1017 2018 1112 2087 quidem
1122 2018 1201 2085 scalis
1218 2018 1348 2087 ascendere

328 2096 480 2163 conatisunt,
489 2095 540 2162 sed
546 2095 644 2163 pagani
647 2095 734 2162 scalas
748 2096 777 2147 ὅ
785 2113 869 2148 naves
882 2095 935 2163 igni
940 2114 1021 2164 greco
1033 2097 1208 2164 combusserunt,
1217 2110 1244 2150 ut
1254 2116 1279 2150 cc
1290 2097 1349 2150 ‘uiri

14 2141 16 2228 l
324 2180 402 2246 sortes
415 2175 450 2228 ibi
457 2175 572 2244 perirent,
586 2173 629 2242 qui
639 2183 711 2224 erant
721 2173 826 2226 hemines
838 2174 914 2227 Ducis
923 2176 1032 2241 Ascstriae,
1045 2178 1109 2228 unde
1120 2175 1246 2243 etrqtsnnsff
1256 2194 1348 2244 magna

328 2254 426 2324 tristitia
436 2256 520 2322 affecti
528 2258 597 2325 sunt.
611 2255 766 2320 cardinales,
778 2273 857 2324 reges,
870 2258 941 2308 duces
954 2255 1092 2324 comitesque
1105 2255 1349 2322 &omncselerifliani

328 2333 485 2388 terrm
495 2338 574 2389 Deum
585 2334 656 2404 regni
666 2333 781 2387 calorum
797 2335 947 2387 invocarunt
962 2334 1067 2386 verbis:
1092 2353 1103 2383 c
1119 2337 1142 2386 O
1158 2334 1234 2387 dulcis
1248 2336 1349 2388 Domine

329 2413 396 2482 Iesus
407 2414 507 2482 Cltrt‘fle,
527 2415 569 2484 qui
575 2424 622 2483 pro
633 2414 700 2468 nobis
714 2414 784 2482 nasci
800 2415 828 2466 ὅ
842 2414 952 2465 cruciari
970 2412 1075 2482 voluisti,
1093 2411 1184 2482 respice
1199 2413 1225 2466 in
1234 2413 1347 2482 populum

331 2493 409 2544 duum
419 2493 534 2559 afflibium
548 2495 576 2545 Β
583 2492 698 2560 miserere
711 2494 811 2562 nostrum
817 2500 827 2545 !
840 2494 943 2546 Concede
961 2492 1036 2557 nobis,
1049 2503 1076 2545 ut
1088 2493 1233 2560 superemus
1250 2495 1278 2544 ὅ
1287 2493 1348 2545 vin·

329 2587 411 2622 camus
424 2571 496 2638 ltostes
507 2571 603 2639 nestros,
611 2587 641 2622 ne
655 2570 806 2639 discedamus
818 2569 907 2623 abhinc
919 2587 972 2622 cum
985 2570 1075 2622 maiori
1084 2571 1208 2639 opprobrio
1225 2573 1347 2640 &fiamus

329 2649 412 2716 deriso
421 2650 522 2718 lcfibus
530 2651 613 2718 rosiris
622 2651 648 2702 in
658 2657 803 2704 eternumts
822 2649 883 2702 Tum
892 2667 956 2702 vero
964 2660 1024 2701 totus
1032 2649 1217 2718 christianorum
1226 2651 1348 2705 exercitus

330 2727 439 2781 murare
461 2731 488 2780 Β
499 2746 574 2782 orare
588 2728 661 2797 iosus
677 2730 716 2799 est,
726 2742 754 2783 ut
775 2733 841 2782 Deus
861 2728 995 2783 vidoriam
1011 2729 1044 2779 ab
1059 2729 1160 2798 hostibus
1177 2734 1349 2798 reportandam

329 2810 536 2862 concederentur
549 2811 617 2862 modo
627 2809 752 2875 ficerunt,
768 2820 840 2878 atqu
861 2812 926 2861 Deus
947 2807 1088 2876 ommipotens
1112 2808 1251 2862 exaudivit
1265 2819 1350 2878 preces

330 2887 432 2952 illarum,
453 2889 481 2939 ὅ
495 2887 603 2956 Frisones
612 2888 715 2957 sapiens
732 2890 853 2940 dederunt
866 2887 991 2956 consilium,
1003 2887 1112 2955 quomodo
1124 2887 1202 2940 turris
1214 2897 1349 2956 caperetur.

332 2965 368 3018 tt
381 2967 444 3019 enim
461 2967 497 3032 vj
510 2983 614 3036 niagnas
623 2966 714 3034 planas
726 2977 794 3018 rates
810 2967 993 3032 constncxerunt
1011 2967 1039 3018 ὅ
1053 2977 1206 3020 armamenta
1221 2969 1351 3036 conposue-

332 3055 400 3112 runt,
410 3057 458 3096 tum
465 3043 553 3111 subter
562 3044 630 3114 sylam
641 3055 734 3097 turrem
744 3045 814 3099 vec‘ii
821 3045 879 3110 sunt
888 3043 1075 3097 &altimdinem
1087 3045 1271 3098 &latinedinem
1281 3044 1353 3112 menſs

332 3122 479 3190 receserunt.
508 3123 655 3192 Qibuscum
673 3123 807 3192 perittffimi
828 3124 1012 3191 christianorum
1024 3125 1102 3194 fabri
1122 3124 1227 3192 lignarij
1242 3126 1275 3191 se
1298 3143 1351 3178 con-

333 3210 466 3262 iunxerunt
479 3204 508 3254 3
521 3202 546 3255 in
558 3202 657 3270 silvam
674 3203 791 3270 ingentem
804 3203 910 3271 prffebii
919 3202 990 3269 sunt,
1007 3203 1051 3255 ubi
1069 3203 1208 3267 materiam,
1224 3213 1350 3272 quantam·

332 3298 423 3350 cunque
439 3281 563 3347 volebant,
580 3281 736 3334 invenerunt.
762 3282 811 3334 Hoc
826 3282 873 3335 loco
889 3281 920 3349 iij
932 3299 1036 3351 magnas
1054 3297 1137 3335 naves
1152 3281 1306 3350 aedt'ficarunt
1318 3283 1350 3346 ὅ,

333 3376 363 3413 ne
371 3360 577 3430 dirutnprcentur,
588 3370 760 3429 compegerunt.
774 3363 850 3429 Super
861 3361 909 3413 bas
918 3378 1001 3414 naves
1010 3359 1087 3413 altam
1104 3371 1197 3412 turrem
1209 3361 1276 3413 turri
1286 3360 1353 3413 civi-

334 3441 393 3493 tatis
413 3457 508 3509 aequam
523 3438 596 3507 lignis
614 3441 799 3509 construxerunt
815 3443 843 3493 ὅ
854 3441 973 3510 ascribus
985 3439 1121 3508 superbae
1135 3439 1351 3508 propugnaculum,

333 3519 396 3587 quod
415 3507 499 3572 berbis
521 3531 687 3586 conuxmunt,
702 3536 732 3572 ne
750 3519 802 3589 igni
813 3536 894 3588 graeco
912 3520 1088 3581 incenderetur,
1105 3517 1184 3584 ibique
1202 3533 1306 3570 arenam
1327 3519 1355 3569 [θ]
1447 3530 1455 3545 “

236 3621 261 3666 p.
274 3614 319 3664 3⁰5
334 3596 441 3650 lotionem
461 3598 503 3668 (id
515 3599 547 3668 esi
557 3599 668 3668 urinam)
680 3603 717 3653 ad
727 3603 805 3668 ignm
823 3599 1020 3668 exstinguendum
1031 3596 1196 3665 congeffcrunt.
1215 3599 1288 3666 Quod
1303 3608 1352 3650 tam

334 3675 453 3745 ingeniose
465 3680 560 3746 suerat
567 3678 734 3745 fabricatum,
753 3686 782 3731 ut
797 3681 834 3729 ad
849 3677 943 3730 libitum
963 3695 1004 3730 xx
1019 3676 1066 3729 vel
1081 3694 1143 3729 sexte
1158 3677 1231 3744 pedes
1251 3674 1354 3728 elevari

336 3755 478 3824 &deprimi
486 3757 564 3825 Μαι
584 3762 666 3830 Qum
678 3757 755 3825 igitur
766 3756 817 3809 baec
827 3756 907 3809 omnia
917 3755 1064 3823 conserisent
1079 3757 1106 3808 ὅ
1119 3753 1282 3824 ρανανῇῙηε,
1300 3771 1353 3807 eum

335 3834 462 3901 navisua
473 3839 511 3888 ad
520 3835 631 3904 oppidum
644 3835 714 3889 vetii
719 3835 788 3902 sunt.
810 3835 888 3887 Cives
901 3852 964 3887 vero
977 3835 1025 3887 bac
1035 3835 1095 3888 mole
1105 3834 1168 3902 visa
1180 3833 1261 3887 valde
1270 3833 1355 3885 mirati

337 3913 365 3964 ὅ
375 3914 504 3982 perterriti
511 3916 581 3983 sunt.
606 3915 715 3983 Frisones
732 3931 785 3966 curn
796 3914 908 3968 navibus
920 3913 976 3981 suis
992 3914 1161 3984 applicuerunt
1168 3913 1250 3982 supra
1263 3923 1354 3964 turrem

336 3992 405 4046 urbis
425 3993 521 4063 easque,
542 4006 570 4048 ut
585 3996 671 4046 cedere
691 3992 817 4062 nequirent
829 3992 880 4059 sed
896 3992 1048 4062 consisterent,
1065 3993 1091 4046 in
1106 3992 1202 4046 ancoris
1222 4001 1354 4045 uneururet.

337 4072 461 4138 Saraceni,
481 4072 595 4127 certiores
604 4073 681 4143 sadi,
694 4075 752 4126 duos
764 4071 881 4140 mersores
894 4074 923 4124 ὅ
933 4083 1056 4127 natatores
1068 4072 1213 4141 peritissimas
1231 4069 1354 4138 miserunt,

336 4150 379 4218 qui
390 4153 468 4220 fieres
483 4154 512 4204 bi
525 4157 648 4219 rudentes,
659 4154 745 4222 quibus
756 4170 837 4206 naves
850 4152 1028 4221 alligabantur,
1034 4151 1196 4219 succiderent.
1215 4149 1252 4202 Hi
1259 4147 1354 4218 gladiis

336 4229 408 4280 nudis
422 4231 517 4283 amat
529 4231 645 4286 mundas
658 4231 803 4300 merserunt,
816 4243 844 4284 ut
855 4231 971 4299 confilium
978 4232 1053 4300 suum
1064 4240 1247 4300 exequerentur.

370 4311 443 4376 Qud
462 4327 534 4378 quum
553 4330 615 4366 unus
637 4312 760 4380 Frisonum
779 4310 1000 4379 animadvert'stet
1013 4309 1127 4379 gladium
1145 4319 1242 4361 acutum
1262 4309 1355 4360 dextra

335 4387 447 4456 arripuit
456 4405 523 4458 aqua
535 4391 658 4459 demersus
671 4401 718 4460 per
737 4389 873 4460 operculum
892 4388 963 4442 ineite
979 4392 1038 4444 duos
1059 4389 1131 4456 hostes
1140 4387 1209 4456 solus
1229 4385 1353 4439 interemit.

337 4468 419 4534 Quum
430 4467 533 4536 populus
548 4470 691 4540 chrestianus
705 4470 748 4523 boc
760 4469 867 4537 vidiset,
882 4486 960 4522 ornnes
972 4471 1049 4522 Deum
1061 4485 1142 4536 regem
1156 4465 1271 4526 caelorum
1285 4464 1357 4517 exal·

338 4555 461 4600 taverunt
474 4548 502 4599 ὅ
510 4547 691 4616 laudaverunt,
702 4549 745 4618 qui
755 4559 850 4602 tantam
861 4549 994 4603 victoriam
1006 4548 1041 4600 eis
1052 4545 1187 4613 conceffset,
1198 4556 1226 4598 ut
1236 4544 1284 4597 vir
1288 4544 1356 4611 solus

337 4621 364 4676 in
371 4624 494 4692 profundo
510 4627 587 4680 narb
601 4630 660 4681 duos
671 4628 744 4695 lessies
755 4626 883 4680 trucidare
895 4626 1018 4695 valuiset.
1041 4627 1112 4679 Nune
1128 4641 1191 4677 vero
1203 4621 1311 4690 Frisones
1322 4623 1359 4674 ad

335 4705 498 4770 pugnandum
508 4706 598 4774 parati
612 4706 732 4776 castellum
743 4706 927 4773 consenuerunt
939 4707 967 4758 ὅ
974 4715 1058 4760 contra
1065 4713 1176 4774 paganas
1180 4702 1284 4772 sortiter
1289 4711 1359 4771 prce-

442 4821 462 4860 Τ
1203 4823 1215 4872 3
