4336 6572
675 975 746 1068 26.
782 975 978 1070 Iohannes
1000 1010 1024 1068 o
1046 974 1188 1068 leidis.
1391 1008 1409 1099 3
1416 1008 1446 1094 7

424 1251 505 1299 ratus
526 1235 577 1315 est,
591 1237 654 1318 qui,
668 1251 809 1318 coaptata
828 1257 908 1298 nova
927 1234 1025 1314 claise,
1039 1249 1156 1318 patrem
1174 1235 1259 1297 suum
1280 1235 1316 1297 ad
1338 1249 1447 1297 terram

423 1322 555 1386 sandiam
575 1344 647 1385 cum
667 1323 822 1405 armigeris
843 1323 1022 1387 electiffimis
1038 1321 1184 1386 affecutus
1199 1322 1249 1384 est.
1271 1319 1447 1403 intelligens

422 1426 525 1474 autem
548 1412 630 1472 idem
643 1410 832 1473 Wilhelmus
851 1408 939 1473 situm
960 1410 1118 1475 &statum
1142 1409 1344 1474 Damiatensrs
1365 1407 1447 1470 urbis

423 1519 461 1560 ex
477 1497 618 1560 industria
632 1498 674 1560 sui
689 1499 799 1582 ingenij
816 1499 888 1561 fecit
902 1499 933 1560 in
947 1501 1075 1562 modum
1086 1499 1162 1563 serre
1172 1519 1281 1561 navem
1296 1498 1378 1559 suam
1393 1516 1447 1579 per

423 1606 533 1668 aquam
547 1583 674 1664 findere,
683 1587 856 1669 exspectans
872 1587 907 1649 ad
923 1603 1043 1669 tempus
1057 1603 1182 1649 ventum
1197 1584 1249 1649 srbi
1262 1585 1447 1668 prosperum.

422 1673 567 1736 Tandem
588 1673 661 1736 flatu
682 1673 822 1737 &vento
844 1677 989 1758 adoptato
1008 1691 1168 1737 ventorum
1190 1674 1291 1752 flante,
1318 1672 1448 1755 prefatus

423 1760 612 1824 Wilhelmus
631 1776 726 1824 ratem
745 1762 869 1842 aptavit,
882 1762 949 1823 vela
970 1760 1141 1824 tetendit&
1156 1777 1280 1842 portum
1294 1758 1462 1842 expetivit.¹

424 1847 466 1910 Et
487 1870 558 1911 ecce
573 1850 655 1911 mole
672 1848 826 1912 velificans
846 1851 930 1912 navis
951 1849 981 1912 δι
1002 1853 1141 1911 acumine
1162 1851 1240 1912 serre
1261 1845 1447 1910 corrodentis

424 1937 525 2000 vectes
540 1958 614 1999 enee
632 1937 764 2020 disrupte
785 1938 860 2017 sunt,
874 1937 904 2000 δι
917 1938 1044 2000 chatene
1056 1939 1150 2000 ferree
1164 1935 1302 1999 diffolute
1317 1935 1383 1997 sunt
1397 1935 1448 2012 ita,

425 2024 508 2108 quod
521 2023 723 2089 Damiatensrs
738 2026 819 2088 urbis
835 2026 1000 2107 patesadius
1015 2025 1057 2087 est
1071 2026 1168 2087 aditus
1179 2024 1208 2088 δι
1219 2023 1448 2086 christianorum

425 2111 538 2174 navalis
552 2110 736 2176 intromiffus
755 2113 798 2175 est
818 2115 966 2176 exercitus
981 2111 1053 2176 cesis
1073 2114 1206 2196 paganis,
1225 2112 1351 2188 Turcis,
1366 2112 1448 2191 Aga-

425 2200 515 2279 renis,
527 2220 599 2261 cum
613 2202 720 2264 ceteris
734 2202 897 2283 gentilibus
912 2199 1065 2264 universis.

465 2285 637 2350 Fridericus
658 2290 783 2371 quidem
804 2288 969 2370 imperator
993 2289 1160 2366 attendens,
1185 2308 1280 2369 quum
1305 2285 1447 2348 eximiam

425 2375 531 2438 urbem
554 2396 606 2456 per
629 2375 801 2438 industriam
816 2377 1005 2439 Wilhelmus
1028 2377 1065 2438 de
1081 2374 1246 2438 Hollandia
1260 2371 1392 2455 cepiffet,
1414 2393 1448 2434 ac

424 2461 639 2526 inestimabiles
654 2486 728 2545 opes
743 2466 774 2526 in
789 2486 824 2526 ea
838 2465 1005 2543 inveniss'et,
1026 2487 1062 2526 ex
1079 2463 1226 2545 imperiali
1243 2462 1449 2525 munificentia

425 2551 550 2612 donavit
580 2551 767 2633 principibus
794 2552 958 2615 Hollandie
984 2551 1035 2614 sub
1061 2551 1177 2616 Cesaris
1203 2549 1315 2612 vexillo
1339 2549 1448 2610 habere

426 2639 711 2721 propugnatoriurn,
737 2661 772 2702 ac
797 2640 888 2701 etiam
913 2640 1009 2721 ipsum
1033 2637 1239 2700 Wilhelmum
1264 2638 1295 2698 in
1320 2635 1448 2697 militem

425 2726 585 2788 ordinavit
610 2723 735 2809 Insuper
756 2728 860 2790 tribuit
881 2727 1126 2789 Heriemensrbus
1147 2741 1291 2809 quattuor
1305 2722 1402 2786 stellas
1417 2723 1449 2784 in

425 2812 538 2878 vexillo
551 2813 644 2876 rutilo
658 2815 777 2897 pridem
798 2816 1028 2896 deportantibus
1043 2815 1175 2897 argentei
1197 2812 1309 2876 coloris
1332 2811 1449 2874 deferre

424 2900 568 2983 gladium.
585 2900 756 2965 Patriarcha
766 2924 839 2964 vero
851 2900 1117 2986 lerosolymitanus
1129 2901 1254 2963 donavit
1267 2901 1358 2962 etiam
1370 2898 1450 2961 Her-

426 2989 605 3053 lemenfibus
625 2991 824 3052 deferendum
839 2991 1022 3074 triumphale
1037 2989 1153 3074 fignum
1169 2991 1267 3053 sancte
1282 2989 1391 3066 crucis,
1412 3008 1449 3048 ex

426 3079 569 3161 eoquod
595 3093 678 3142 tanta
697 3077 930 3142 honorificentia
953 3078 1107 3143 constituti
1133 3079 1252 3141 suntin
1274 3093 1353 3140 terra
1379 3095 1450 3157 pro-

427 3164 580 3229 miffionis.

461 3288 526 3358 [ioh.
548 3308 562 3340 a
579 3289 672 3357 Leidis,
696 3307 722 3358 p.
746 3295 868 3354 rso-182,
877 3289 987 3358 plurima
1000 3290 1078 3356 affert
1095 3292 1126 3341 de
1141 3287 1220 3341 crucis
1231 3282 1447 3355 predicatoribus:

427 3367 551 3435 oliverio,
567 3370 672 3422 Iohanne
689 3369 808 3436 Xantenfi
825 3371 854 3421 ὅ
865 3369 933 3434 aliis,
946 3389 999 3440 qua
1011 3370 1090 3423 omnia
1104 3386 1138 3422 ex
1153 3366 1247 3421 ‘Thomae
1260 3364 1449 3434 Gannprarenſss

424 3447 488 3502 libra
501 3448 548 3501 vei
558 3448 659 3500 aliunde
671 3448 807 3517 excerpffle
820 3448 935 3501 vidaetur.

461 3528 535 3595 Ipfius
556 3525 638 3594 verſso
660 3527 799 3580 hollandica
824 3527 902 3594 exstat
925 3529 1009 3595 apud:
1036 3547 1046 3575 r
1074 3524 1234 3578 Historialike
1258 3521 1360 3575 materie
1384 3522 1448 3574 ende

430 3627 440 3655 ι
456 3606 587 3675 geschrifte
599 3608 624 3659 in
634 3619 720 3659 corten
730 3607 880 3659 coronikelic
892 3607 1055 3659 beschreeven
1069 3623 1116 3656 van
1130 3606 1178 3657 den
1191 3603 1274 3673 gesten
1288 3602 1351 3656 ende
1365 3601 1447 3652 daden

430 3687 499 3738 «der
513 3686 729 3755 inwoonachtiger
746 3689 849 3754 burgen·
865 3703 912 3737 van
926 3686 970 3738 der
984 3686 1050 3738 stede
1063 3703 1110 3736 van
1134 3684 1261 3736 Harelem.
1281 3703 1291 3730 r
1314 3680 1446 3734 chronicon

426 3765 622 3834 manuscriptum,
639 3769 703 3835 quod
713 3764 830 3834 excerpſst
842 3765 923 3838 Oosten
936 3768 968 3817 de
979 3766 1068 3832 Bruyn,
1080 3765 1119 3816 De
1133 3763 1194 3816 stad
1208 3762 1310 3814 Harlem
1324 3778 1355 3812 en
1367 3760 1442 3812 heare

427 3843 643 3899 Geschiedeniss'en
661 3845 717 3913 (Te
736 3845 864 3908 inanem,
882 3849 958 3912 1765,
969 3861 994 3913 p.
1009 3843 1077 3912 4²)·]

510 4113 564 4185 27.
590 4094 654 4159 vie
671 4092 819 4180 Cronyclre
835 4114 891 4156 von
908 4086 1047 4156 Hollond
1063 4111 1107 4154 ror
1124 4088 1258 4170 deniare
1284 4095 1371 4174 1517

693 4216 825 4314 (Divifie
842 4219 997 4308 Cronr‘ck),
1017 4229 1087 4295 XIII,
1101 4245 1123 4279 c.
1142 4245 1182 4278 η.

602 4421 661 4488 [Ed.
673 4422 718 4472 Ian
731 4423 825 4482 severs,
839 4417 950 4487 Leyden,
966 4433 1041 4482 1517,
1056 4413 1120 4478 in-I,
1133 4413 1152 4464 f.
1169 4429 1217 4476 ¹47
1233 4411 1269 4482 b.]

933 4575 952 4616 III

741 4731 861 4801 {Sequitur
875 4730 1003 4783 Iohannem
1016 4747 1033 4781 a
1047 4726 1151 4792 radin]
