4336 6572
672 961 742 1052 66.
780 959 984 1055 Robertus
1005 957 1202 1054 Abolani.
1371 961 1441 1090 ,ὃς

426 1229 509 1297 Capta
521 1226 641 1297 elligitur
653 1227 773 1281 Damieta
791 1227 862 1281 nonis
875 1229 1018 1281 novembris
1035 1227 1128 1296 absque
1141 1224 1277 1291 deditione,
1297 1225 1346 1278 sine
1362 1225 1447 1278 desen·
1458 1224 1519 1271 Νῦν·
1532 1235 1544 1284 5

426 1305 501 1374 lione,
523 1305 572 1358 sine
590 1305 697 1360 violenta
715 1306 902 1377 depredatione,
922 1308 947 1361 in
971 1307 1048 1359 oculis
1065 1305 1133 1374 regis
1151 1303 1300 1374 Babylonis,
1318 1305 1361 1373 qui
1378 1323 1447 1358 more

426 1383 498 1440 solito
516 1401 566 1437 non
587 1385 634 1438 fuit
652 1386 724 1439 ausus
741 1387 830 1440 Christi
847 1386 934 1440 milites
957 1404 999 1456 per
1017 1384 1133 1438 fossatum
1151 1383 1265 1453 aggredi,
1286 1395 1314 1436 ut
1336 1384 1378 1436 soli
1390 1387 1448 1438 Deo

426 1465 563 1518 ascribatur
585 1466 712 1520 evidenter
724 1465 838 1534 vitiosis,
856 1469 881 1519 ἃ
901 1477 927 1520 ut
941 1465 1068 1519 manifesto
1087 1464 1164 1517 divini
1184 1463 1275 1515 favoris
1294 1463 1367 1516 noliri
1389 1463 1449 1516 leta-

427 1548 547 1598 rentur&
562 1545 762 1598 confortarentur
778 1545 880 1612 iudicio,
896 1563 954 1598 cum
968 1545 1092 1610 timerent,
1104 1561 1144 1609 ne,
1156 1543 1210 1613 ipsis
1223 1543 1371 1597 intrantibus
1390 1544 1449 1596 civi·

428 1635 516 1690 tatem,
536 1623 694 1677 circumstans
712 1627 905 1678 sarracenorum
920 1624 1041 1677 exercitus
1056 1624 1134 1676 casira
1148 1622 1284 1688 invaderet,
1304 1624 1450 1677 eorumdem

429 1703 518 1756 fluvius
541 1704 625 1756 divino
644 1719 706 1758 nutu
727 1705 809 1758 subito
831 1705 895 1757 adeo
916 1704 1056 1768 inundavit,
1076 1715 1104 1755 ut
1124 1701 1296 1755 inaccessibilia
1318 1702 1451 1756 reddiderit

429 1783 508 1836 casira
529 1782 589 1852 ipsa,
610 1786 634 1837 δι
656 1783 782 1838 manifesse
795 1785 902 1854 patuerit
922 1785 990 1853 quod
1004 1800 1049 1853 pio
1062 1782 1204 1836 christicolis
1217 1793 1304 1834 contra
1317 1782 1451 1836 insensatos

428 1861 479 1933 ipsa
491 1862 614 1916 elementa
626 1867 786 1933 pugnabant.

239 1951 311 2012 oliv,
322 1968 343 2014 p.
357 1951 416 2009 1418
464 1941 557 1994 Videna
572 1953 657 1995 autem
671 1943 792 1996 soldanus
812 1955 913 2012 captam
931 1942 980 1997 else
992 1942 1147 2007 Damietam,
1169 1940 1263 2010 ingenti
1286 1952 1379 1992 terrore
1393 1957 1453 1992 con·

429 2020 519 2086 cussus,
535 2039 593 2073 cum
606 2021 693 2074 dolore
705 2023 783 2075 nimio
795 2023 818 2074 dt
832 2040 929 2076 merore
941 2023 1048 2092 fugiens,
1061 2021 1139 2073 castra
1153 2021 1195 2073 sua
1206 2019 1346 2072 combussit.
1367 2021 1453 2089 Ingre-

340 2126 360 2172 p.
372 2109 417 2170 289
430 2100 554 2154 dientibus
567 2112 651 2153 autem
666 2101 751 2154 nollris
765 2114 851 2172 portas
861 2102 979 2155 Damiete
989 2099 1096 2154 occurrit
1109 2099 1173 2152 fetor
1185 2098 1355 2162 intolerabilis,
1370 2099 1453 2168 aspec-

431 2189 471 2230 tus
490 2177 645 2244 miserabilis,
667 2179 760 2233 mortui
780 2179 849 2233 vivos
869 2180 1058 2245 interfecerunt;
1081 2180 1118 2230 vir
1131 2181 1154 2230 st
1168 2194 1239 2244 uxor,
1259 2189 1328 2247 patei
1344 2180 1368 2230 dt
1382 2179 1455 2246 silius,

430 2255 546 2308 dominus
558 2258 583 2309 δι
595 2256 687 2322 servus,
705 2259 728 2310 se
740 2259 833 2310 mutuis
848 2257 968 2310 fetoribus
981 2258 1173 2324 interemerunt,
1194 2254 1309 2320 infantes,
1331 2257 1363 2308 ad
1378 2259 1455 2310 ubera

432 2347 539 2387 matrum
550 2336 697 2404 pendentes,
708 2338 772 2389 inter
782 2337 910 2406 amplexus
920 2336 1080 2388 morientium
1089 2334 1244 2402 oscitabam,
1258 2335 1358 2387 delicati
1366 2335 1455 2388 divites

432 2413 494 2466 inter
507 2430 609 2468 acervos
632 2415 707 2468 tritici
728 2418 860 2484 perierunt.
882 2416 985 2469 Plurimi
1007 2426 1092 2468 autem
1107 2433 1137 2467 ex
1156 2413 1212 2477 illis,
1233 2413 1319 2465 aorisia
1343 2413 1454 2483 perculsi,

431 2492 523 2560 apertis
542 2493 621 2545 oculis
633 2493 692 2546 nihil
705 2495 789 2549 videre
801 2497 957 2549 dicebantur.
982 2495 1106 2548 Dominus
1123 2494 1189 2546 enim
1210 2492 1387 2561 evaginaverat
1403 2493 1457 2563 gla-

431 2570 501 2624 dium
520 2572 589 2624 suum
608 2574 662 2641 posi
679 2591 731 2639 eos,
754 2575 948 2628 &interfecerat
967 2593 1009 2627 eos
1023 2592 1110 2627 manus
1124 2574 1186 2638 eius,
1207 2571 1272 2624 adeo
1284 2571 1353 2640 quod
1367 2589 1382 2623 a
1394 2583 1457 2625 tem-

364 2713 371 2728 ·
432 2666 494 2719 pore
508 2667 559 2720 quo
578 2651 686 2721 persecu
705 2654 739 2706 eli
758 2654 863 2720 obsidio,
885 2654 949 2706 infra
971 2670 1060 2705 novem
1084 2653 1187 2717 menses,
1209 2650 1364 2720 septuaginta
1383 2650 1458 2703 millia

433 2728 624 2781 Sarracenorum
643 2730 768 2800 pen'erunt
789 2731 941 2796 incivitate,
962 2732 1071 2800 exceptis
1090 2731 1168 2782 tribus
1188 2728 1296 2781 millibus
1309 2744 1372 2797 quos
1388 2725 1457 2780 vivos

434 2819 587 2876 repererunt,
599 2808 665 2861 inter
673 2826 736 2878 quos
750 2810 903 2863 vixcentum
918 2811 967 2862 sani
981 2810 1149 2866 remanserant
1161 2808 1202 2877 qni
1216 2805 1312 2877 possent
1325 2805 1458 2859 defendere

435 2886 572 2952 civitatem,
591 2889 725 2958 exquibus
739 2889 937 2958 quadringentos
950 2889 1082 2942 nobiliores
1095 2889 1120 2940 di
1134 2887 1235 2940 ditiores
1249 2885 1373 2953 utriusque
1386 2885 1458 2938 sexus

435 2966 469 3017 ad
481 2966 678 3035 redemptionem
690 2969 847 3037 captivorum
861 2969 959 3020 suorum
973 2970 1165 3034 reservaverunt,
1178 2967 1239 3018 alios
1253 2982 1312 3018 vero
1324 2963 1459 3018 christianis

250 3065 321 3126 oliv,
331 3082 352 3128 p,
365 3067 423 3125 ¹4¹⁶
437 3044 608 3114 vendiderunt,
622 3047 730 3116 exceptis
742 3047 849 3116 parvulis
859 3066 922 3117 quos
931 3047 1085 3100 Acconensis
1097 3047 1227 3116 episcopus
1238 3043 1381 3114 baptizavit,
1395 3059 1459 3112 quos

437 3123 512 3176 etiam
526 3125 631 3194 propriis
644 3125 754 3194 expensis
769 3127 827 3179 secit
841 3128 964 3179 reservari.

249 3217 320 3277 Olim,
329 3235 350 3280 p.
364 3229 424 3277 ¹4¹9
473 3204 551 3256 Facta
564 3204 598 3256 eti
610 3216 695 3257 autem
711 3205 798 3259 divisio
810 3205 918 3258 civitatis
931 3208 1049 3258 &rerum
1067 3205 1092 3257 iii
1105 3223 1134 3256 ea
1147 3204 1303 3257 inventarum
1320 3201 1461 3272 unicuique,

438 3283 573 3336 secundum
592 3285 660 3352 quod
679 3303 735 3337 euni
753 3285 871 3352 decebat,
890 3286 959 3338 iuxta
980 3285 1162 3355 providentiam
1176 3286 1199 3335 δι
1213 3281 1354 3352 sapientiam
1373 3282 1462 3336 discic-

439 3375 522 3414 torum
541 3363 573 3414 de
590 3364 717 3416 communi
737 3365 839 3418 consilio
858 3365 890 3418 ad
909 3366 957 3417 hoc
974 3365 1117 3416 elesioriim.
1140 3365 1244 3415 Inventa
1259 3373 1344 3415 sutem
1364 3361 1461 3416 suntin

439 3440 540 3495 civitate
555 3442 678 3510 vidualis,
699 3462 796 3508 aurum,
818 3456 962 3514 argentum,
981 3444 1055 3514 panni
1068 3443 1146 3508 serici,
1162 3443 1238 3494 vestes
1252 3442 1364 3510 pretiose,
1376 3444 1400 3495 dt
1412 3442 1462 3494 alia

440 3521 519 3573 multa
540 3520 704 3591 supellectilia,
725 3525 749 3576 in
772 3524 934 3576 abundantia.
957 3526 998 3578 De
1013 3523 1132 3576 consensu
1147 3520 1344 3591 peregrinorum,
1364 3522 1462 3592 legatus

439 3601 579 3654 dominium
592 3602 699 3654 civitatis
712 3620 770 3655 cum
783 3604 835 3656 cius
849 3602 1001 3672 pertinentiis
1013 3603 1045 3654 ad
1058 3600 1244 3670 ampliationem
1256 3599 1326 3669 regni
1338 3600 1464 3672 lerosoly-

440 3679 528 3732 mitani
549 3681 602 3749 regi
619 3681 770 3735 Hierusalem
787 3683 892 3734 contulit
912 3682 1096 3751 inperpetuum
1110 3679 1288 3749 possidendum.
1309 3683 1365 3732 Hec
1377 3679 1464 3734 civitae

253 3772 323 3832 orie„
334 3790 356 3834 p.
369 3784 410 3830 ¹4¹
414 3783 426 3831 ς
441 3778 456 3812 a
471 3759 565 3812 Latinis
579 3761 705 3813 &Grecis
718 3762 799 3830 primo
819 3762 870 3815 suit
883 3761 986 3827 obsessa,
1007 3762 1050 3833 qui
1071 3765 1105 3814 ab
1123 3780 1151 3814 ea
1165 3762 1324 3830 defecerunt,
1347 3761 1437 3812 deinde
1449 3777 1464 3811 a

442 3841 536 3892 Latinis
549 3839 594 3892 sub
607 3841 750 3894 Amaun'co
763 3861 822 3912 rege
835 3842 997 3906 Hierusalem,
1010 3842 1053 3911 qui
1067 3859 1115 3895 non
1125 3842 1291 3911 profecerunt.
1305 3843 1360 3893 liec
1373 3838 1464 3910 triplici

442 3920 476 3972 cst
487 3919 568 3972 cinfia
585 3935 667 3985 muro,
689 3922 797 3974 turribus
814 3922 924 3975 lateritiis
941 3922 1025 3974 multis
1042 3922 1177 3991 &magnis
1201 3921 1336 3974 firmissime
1356 3921 1464 3984 firmata,

442 3999 519 4052 clavis
531 4001 556 4051 δι
569 4001 723 4054 antemurale
736 4001 840 4073 Egypti.

254 4097 325 4156 Olli,
335 4114 357 4161 p.
371 4109 429 4158 ¹4²0
477 4081 535 4132 Non
550 4078 628 4132 solum
638 4092 722 4133 autem
732 4080 808 4145 illam,
820 4082 860 4133 sed
870 4083 895 4133 ἃ
905 4079 1030 4134 civitatem
1040 4080 1162 4132 Tbaneos
1172 4097 1229 4132 cum
1239 4079 1319 4132 casiro
1328 4079 1466 4146 adiacente,

442 4159 500 4211 osio
513 4169 592 4211 turres
606 4159 812 4228 inexpugnabiles
823 4160 941 4223 habente,
963 4176 1013 4210 non
1027 4159 1126 4224 minori,
1146 4170 1173 4210 ut
1187 4159 1287 4224 dicitur,
1306 4158 1427 4212 miraculo
1441 4159 1465 4211 in

443 4237 505 4292 letio
519 4237 594 4291 sancii
614 4239 753 4292 Clementis
766 4238 891 4291 Dominus
906 4238 992 4290 nostris
1006 4237 1116 4290 subiecit.
1132 4239 1198 4290 Nam
1212 4237 1273 4290 missi
1286 4239 1341 4290 sunt
1352 4237 1466 4307 explora·
1479 4253 1507 4300 aa
1519 4239 1581 4284 Nov-

351 4347 357 4358 ι
442 4328 509 4370 tores
531 4317 556 4368 in
575 4319 694 4371 naviculis
713 4335 756 4387 per
768 4319 881 4387 stagnum
896 4318 965 4388 quod
985 4335 1000 4369 a
1019 4316 1140 4370 Damieta
1161 4317 1317 4386 protenditur
1339 4318 1414 4387 usque
1433 4318 1466 4370 ad

444 4411 610 4450 memoratum
626 4397 741 4463 cassium,
762 4409 790 4449 ut
813 4397 903 4450 ilatum
920 4395 967 4449 loci
988 4395 1120 4465 diligenter
1133 4394 1297 4464 explorarent.
1323 4397 1374 4458 Qui
1388 4413 1466 4466 prope

443 4477 549 4530 castrum
561 4477 718 4543 accedentes,
735 4495 792 4530 cum
805 4478 885 4530 nullos
897 4477 983 4530 ineius
996 4478 1141 4530 turribus&
1154 4477 1229 4530 muris
1243 4477 1383 4531 defensores
1399 4476 1467 4528 vide-

443 4569 509 4622 rent,
523 4556 603 4626 ipsum
618 4558 723 4610 calirum
739 4557 901 4624 intraverunt,
914 4557 1038 4611 neminem
1052 4557 1117 4609 intus
1133 4557 1290 4626 reperientes.
1304 4556 1467 4610 Habitatores

444 4636 506 4702 eius,
524 4636 610 4690 audita
627 4636 744 4706 captione
759 4637 885 4702 Damiete,
907 4637 985 4690 nimio
1000 4651 1095 4690 terrore
1113 4637 1217 4707 percussi
1234 4636 1362 4708 sugerunt,
1381 4637 1468 4692 relisio
