4362 6560
765 1017 841 1109 182
901 1016 1140 1146 Testimonin
1161 1016 1202 1108 in
1227 1015 1447 1108 Germania
1457 1014 1638 1138 scripta.

755 1266 1011 1350 Babenbergensrs
1025 1266 1183 1350 episcopus
1198 1267 1333 1331 &frater
1348 1267 1412 1330 eius
1423 1268 1486 1329 dux
1500 1265 1652 1345 Meranie,
1664 1266 1773 1348 lloppo

755 1374 859 1417 comes
878 1356 917 1417 de
937 1353 1173 1433 Hennenberch,
1198 1356 1404 1419 Luodewicus
1435 1375 1539 1416 comes
1558 1355 1597 1418 de
1626 1353 1775 1436 Otingen,

755 1443 866 1526 aliique
878 1442 1029 1524 principes
1043 1441 1073 1505 δι
1086 1442 1205 1506 nobiles
1222 1442 1310 1506 multi
1332 1443 1370 1505 de
1384 1438 1506 1506 diversis
1527 1443 1660 1524 partibus
1683 1458 1776 1504 terra-

755 1551 833 1592 rum.
849 1528 916 1616 Qui
937 1529 1036 1593 statim
1054 1532 1233 1595 accedentes
1256 1533 1292 1594 ad
1314 1546 1452 1594 montem
1475 1530 1617 1609 Thabor,
1631 1531 1777 1594 munitio-

755 1640 827 1681 nem
840 1619 993 1702 quandam
1007 1620 1038 1681 in
1053 1619 1162 1682 eodem
1177 1636 1281 1682 monte
1296 1641 1314 1682 a
1327 1618 1498 1683 sarracenis
1512 1617 1684 1682 edificatam
1704 1619 1777 1682 viri·

755 1705 824 1770 liter
845 1707 1047 1790 expugnando
1074 1724 1230 1790 ceperunt
1251 1705 1288 1770 In
1310 1708 1394 1770 brevi
1413 1723 1515 1770 autem
1542 1707 1644 1789 postea
1669 1707 1776 1772 reversi

755 1791 822 1856 sunt
835 1815 889 1857 rex
904 1796 1050 1879 Ungarie,
1064 1798 1126 1859 dux
1138 1796 1280 1860 Meranie
1294 1795 1324 1859 δι
1338 1795 1387 1880 alij
1404 1796 1528 1878 quidam
1541 1794 1669 1858 nobiles.

683 1906 742 1953 1218
796 1883 835 1944 A.
854 1883 937 1947 1218.
953 1883 1028 1946 Dux
1043 1884 1165 1948 Austrie
1179 1907 1250 1947 cunr
1259 1887 1358 1966 legato
1375 1884 1513 1948 Romane
1527 1884 1620 1960 curie,
1634 1883 1664 1946 br
1676 1882 1777 1946 Tem·

661 1988 743 2050 Apes
758 1968 861 2052 plariis
879 1971 909 2033 dr
930 1971 1140 2055 Hospitalariis
1160 1972 1190 2035 dc
1208 1973 1344 2035 exercitu
1363 1971 1487 2055 copioso
1504 1972 1586 2034 circa
1606 1973 1732 2054 palmas,
1745 1971 1775 2033 id

757 2057 799 2120 est
817 2074 887 2121 ante
908 2059 1025 2142 pascha,
1038 2061 1075 2122 ad
1095 2059 1171 2124 fines
1190 2059 1303 2144 Egypti
1325 2059 1503 2124 accedentes
1523 2060 1679 2122 civitatem
1699 2081 1777 2142 opu-

757 2145 946 2210 lentissimam
969 2147 1145 2211 Damiatam
1165 2147 1322 2233 aliquanto
1350 2165 1488 2230 tempore
1512 2146 1702 2211 obsederunt.
1736 2145 1777 2210 Et

757 2249 881 2314 turrem,
894 2258 954 2319 que
967 2235 1020 2299 fita
1033 2235 1076 2299 est
1088 2236 1176 2320 super
1188 2237 1301 2299 flumen
1316 2237 1392 2320 Nyli
1407 2237 1437 2299 dr
1451 2237 1562 2299 dicitur
1575 2235 1669 2298 clavis
1688 2251 1777 2314 terre,

643 2343 702 2400 Aug.
713 2354 744 2401 ²4
756 2322 844 2385 valde
857 2325 1007 2386 munitam
1022 2326 1053 2387 in
1071 2324 1174 2408 vigilia
1188 2326 1267 2388 beati
1282 2324 1493 2388 Bartholomei
1504 2324 1707 2407 expugnando
1727 2345 1779 2386 ce·

757 2425 875 2492 perurit,
892 2409 1069 2492 quibusdam
1090 2412 1133 2474 ibi
1158 2411 1196 2474 de
1215 2411 1323 2475 nostris
1345 2412 1539 2495 pereuntibus
1558 2433 1613 2494 per
1630 2432 1777 2494 compen-

756 2498 841 2560 dium
868 2499 984 2576 mortis,
1005 2498 1053 2561 sed
1079 2500 1109 2562 in
1137 2499 1221 2579 celis,
1235 2515 1269 2562 ut
1296 2501 1457 2578 credimus,
1481 2499 1645 2562 consociati
1670 2498 1777 2562 sanetis

755 2586 878 2668 angelis.
908 2584 1013 2650 Postea
1035 2608 1109 2650 vero
1138 2605 1309 2672 expugnata
1328 2589 1461 2666 civitate,
1484 2587 1619 2650 &brevi
1640 2603 1778 2669 tempore

755 2674 944 2757 exigentibus
959 2677 1091 2759 peccatis
1105 2696 1211 2738 eorum
1231 2697 1299 2739 eam
1312 2676 1487 2755 retinentes,
1509 2676 1616 2738 iterato
1637 2673 1776 2758 perdide·

755 2781 827 2824 runt
839 2762 907 2825 casu
928 2761 1124 2842 lamentabili,
1142 2760 1217 2826 sicut
1232 2764 1381 2847 hystorica
1400 2764 1490 2827 refert
1508 2764 1598 2828 huius
1618 2764 1661 2826 rei
1688 2761 1777 2846 geste.

757 2849 843 2914 Alias
854 2850 883 2913 dr
894 2870 947 2933 per
959 2849 1034 2915 alios
1050 2851 1179 2934 qualiter
1188 2852 1250 2915 hoc
1264 2853 1399 2915 evenerit
1414 2853 1544 2934 pleniter
1558 2867 1715 2914 exaratum
1725 2850 1778 2930 est,

755 2936 830 3000 ficut
843 2939 875 3000 in
892 2940 1020 3002 armario
1035 2939 1236 3005 Novi-Castri
1251 2940 1380 3024 diligens
1394 2939 1491 3002 leesor
1506 2940 1642 3003 invenire
1657 2939 1776 3022 poterit.

684 3057 742 3092 1222
796 3026 835 3088 A.
858 3041 942 3104 1222,
962 3027 1000 3088 de
1028 3043 1106 3089 terra
1126 3025 1282 3090 Persarum
1310 3029 1462 3090 exercitus
1490 3048 1617 3110 magnus
1638 3026 1726 3089 valde
1747 3026 1812 3098 &1³-
1825 3046 1868 3096 175

755 3113 853 3192 sortis,
871 3111 1001 3196 egressus
1022 3117 1060 3177 de
1080 3112 1191 3177 finibus
1215 3116 1282 3195 suis,
1303 3137 1357 3199 per
1384 3115 1555 3178 adiacentes
1579 3114 1632 3178 fibi
1653 3116 1777 3197 provin-

755 3202 818 3264 cies
832 3198 986 3265 transitum
997 3201 1078 3282 fecit,
1089 3203 1140 3284 qui
1152 3204 1332 3268 dicebantur
1342 3201 1426 3265 fuisse
1437 3203 1577 3266 homines
1588 3224 1697 3286 magne
1708 3223 1779 3285 pro·

756 3290 887 3353 ceritatis
901 3289 931 3352 dr
946 3289 1054 3353 stature
1068 3290 1241 3369 horribilis3
1256 3291 1338 3375 quod
1354 3308 1455 3354 tamen
1470 3312 1532 3354 non
1547 3291 1776 3355 credimuered

756 3377 868 3461 quade
886 3379 974 3441 causa
987 3378 1088 3461 egrelli
1110 3379 1229 3460 suerint,
1243 3378 1291 3442 vel
1313 3380 1385 3463 quid
1401 3381 1519 3463 egerint
1534 3380 1720 3463 ignoramus.
1741 3378 1777 3443 In

756 3467 840 3529 brevi
854 3462 1045 3529 veroreverfi
1061 3467 1178 3530 suntad
1201 3469 1330 3550 propria
1353 3466 1509 3531 Dicebant
1528 3483 1628 3531 tamen
1645 3468 1778 3551 quidam,

755 3555 839 3639 quod
854 3553 952 3616 versus
967 3554 1132 3619 Coloniam
1142 3555 1256 3618 vellent
1269 3558 1314 3619 ire
1329 3555 1430 3620 &tres
1447 3577 1552 3638 magos
1567 3556 1605 3618 de
1622 3572 1712 3639 gente
1723 3577 1777 3618 eo-

755 3663 823 3705 rum
848 3659 936 3706 natos
963 3642 1077 3705 ibidem
1104 3645 1253 3724 accipere.
1283 3645 1390 3708 Unum
1413 3660 1514 3707 tamen
1551 3642 1671 3722 scimus,
1691 3643 1774 3726 quod

756 3728 923 3794 Iudeorum
936 3752 1010 3815 gens
1030 3731 1117 3814 super
1135 3731 1246 3794 eodem
1266 3753 1389 3795 rumore
1407 3731 1520 3815 ingenti
1538 3731 1640 3794 leticia
1660 3730 1780 3793 exulta-

756 3818 829 3881 bant
842 3819 872 3883 δι
885 3822 1080 3884 vehementer
1093 3821 1145 3885 fibi
1165 3820 1399 3904 applaudebant,
1412 3818 1513 3882 nescio
1531 3819 1604 3902 quid
1626 3819 1665 3880 de
1680 3819 1779 3882 sutura

756 3906 894 3972 libertate
916 3908 966 3972 sua
982 3931 1019 3972 ex
1033 3909 1093 3972 boc
1107 3909 1267 3993 provenire
1283 3906 1335 3970 subi
1350 3907 1510 3990 sperantes,
1530 3907 1611 3969 unde
1633 3905 1779 3991 &regem

756 3995 837 4060 illius
847 3996 1051 4062 multitudinis
1063 3996 1161 4061 filium
1173 3995 1276 4060 David
1287 3995 1488 4080 appellabant.

967 4188 1043 4238 112.
1069 4166 1273 4237 Mmourun
1296 4165 1585 4254 burnounuusrs,

1053 4329 1203 4397 Chronica
1220 4332 1318 4397 minor
1339 4339 1489 4409 (—1265).

1041 4474 1134 4541 [Perta,
1145 4475 1213 4528 Mon.
1226 4477 1319 4540 Germ,
1330 4477 1381 4542 SS,
1393 4476 1503 4541 mvn

1254 4580 1273 4622 *

686 4714 745 4761 1214
799 4675 861 4738 Hic
876 4697 954 4760 papa
970 4673 1173 4738 lnnoceucius
1184 4669 1242 4752 III,
1260 4671 1455 4756 pontificatus
1469 4672 1511 4736 sui
1527 4694 1612 4736 anno
1639 4672 1683 4750 18,
1697 4693 1778 4735 muno
1793 4705 1816 4751 p
1827 4689 1872 4749 196

759 4784 830 4828 vero
846 4762 975 4828 Domini
1004 4780 1088 4843 1214,
1109 4762 1141 4825 in
1169 4760 1363 4825 Lateranenfi
1390 4761 1507 4844 palacio
1526 4759 1693 4843 plurimum
1719 4758 1778 4823 sol-
