4168 6502
770 982 858 1102 256
955 981 1197 1110 Testimoniu
1218 984 1259 1074 in
1279 981 1406 1074 stolio
1416 982 1594 1110 scripto.

767 1259 941 1300 concurrentes
963 1248 986 1299 dt
1005 1247 1029 1298 in
1047 1246 1174 1300 civitatem
1192 1248 1380 1313 descendentes,
1395 1262 1546 1318 aperuerunt
1561 1251 1648 1302 ianuae
1668 1249 1786 1302 civitatis.

666 1310 752 1369 ΝΜ
767 1325 871 1378 Intravit
890 1325 1021 1394 plenitudo
1048 1326 1171 1396 gentium,
1198 1329 1222 1379 dr
1252 1327 1339 1380 civitae
1368 1340 1442 1396 capta
1473 1330 1508 1380 est
1535 1329 1607 1382 nouis
1637 1329 1788 1382 Novembris

679 1392 739 1439 ¹²¹⁹
768 1405 916 1458 Mccrnx
928 1423 1075 1475 perannum
1089 1409 1112 1458 tr
1125 1407 1218 1475 septem
1231 1408 1325 1460 meuses
1344 1408 1412 1475 prius
1424 1407 1525 1460 obsessa
1540 1405 1667 1468 Utinam
1691 1421 1789 1468 atten-

766 1487 873 1553 dill'cnt
899 1488 1071 1574 poll'ell'ores
1086 1493 1187 1574 potius
1201 1513 1294 1574 quam
1308 1491 1450 1571 victores,
1471 1514 1499 1555 ut
1512 1503 1640 1556 ιιιιοιίιιιι
1662 1503 1704 1556 soli
1717 1504 1791 1557 ascri-
1814 1507 1871 1554 ιιι
1880 1508 1943 1566 tun,

766 1581 853 1633 berent
873 1581 998 1646 Creatori,
1018 1581 1077 1651 quia
1097 1599 1147 1634 non
1167 1581 1240 1634 affuit
1258 1581 1369 1647 deditio,
1391 1599 1442 1634 non
1464 1599 1523 1634 curn
1545 1581 1658 1634 tumultu
1681 1565 1950 1635 viotmustrcrouu

767 1659 895 1730 predatio:
917 1662 958 1714 sed
971 1663 995 1714 tc
1008 1662 1131 1714 Soldanus
1152 1662 1232 1714 casira
1250 1661 1292 1713 sua
1310 1664 1460 1714 comburens
1471 1679 1549 1731 quam
1564 1661 1681 1714 conlirsru
1692 1663 1790 1714 absces-

767 1739 823 1792 serit
834 1739 933 1808 eiusque
946 1739 1027 1808 spoliis
1038 1740 1132 1792 ditatur
1147 1739 1174 1792 lit
1187 1739 1294 1810 populus
1306 1739 1460 1792 christianus.
1483 1740 1560 1809 Capti
1575 1757 1678 1810 quoque
1690 1740 1790 1792 suerum

767 1819 843 1888 usque
862 1819 895 1870 ad
913 1837 961 1870 xxx
973 1818 1039 1870 milia
1053 1819 1242 1887 Agarenorum,
1263 1821 1287 1872 dt
1304 1818 1426 1872 innumeri
1439 1819 1576 1889 pestilentia
1595 1820 1620 1872 δι
1639 1820 1707 1872 same
1728 1835 1789 1871 oon·

767 1897 864 1967 sumpti.
884 1897 963 1950 Misso
979 1915 1080 1967 quoque
1095 1897 1163 1967 quasi
1176 1897 1241 1951 mille
1261 1897 1318 1950 viria
1331 1898 1364 1948 ad
1376 1899 1557 1966 explorandum
1570 1897 1706 1968 Tampnia,
1719 1899 1789 1950 Sara·

766 1977 820 2030 ceni
842 1977 928 2048 sponte
948 1977 1055 2029 callrum
1078 1975 1233 2040 dimiserunt,
1259 1993 1311 2047 quo
1332 1975 1425 2028 nullum
1447 1976 1526 2046 posset
1548 1977 1654 2030 securius
1674 1975 1788 2030 inveniri.

767 2052 824 2115 Sed
839 2053 891 2136 qui
903 2052 974 2116 talia
987 2074 1113 2115 munera
1123 2069 1304 2136 receperunt
1318 2056 1356 2115 de
1367 2074 1459 2115 manu
1471 2052 1612 2132 Domini,
1626 2055 1689 2115 cito
1700 2053 1788 2115 obliti

767 2139 833 2203 sunt
847 2142 1059 2204 mandatorum
1073 2141 1138 2204 cius
1152 2139 1182 2202 δι
1197 2138 1379 2202 recellerunt
1393 2142 1430 2202 de
1446 2141 1504 2220 via,
1524 2162 1617 2224 quam
1631 2142 1675 2204 cis
1689 2141 1789 2203 oslen-
1801 2155 1820 2201 ι·
1830 2152 1869 2200 ²⁰9

766 2229 852 2292 derat
867 2227 964 2307 Deus,
986 2240 1021 2292 ita
1041 2251 1069 2292 ut
1082 2238 1239 2292 sanctissimus
1257 2251 1327 2308 pater
1339 2239 1492 2306 Franciscus,
1516 2239 1675 2309 multiplicari
1687 2257 1790 2293 cemena
1802 2238 1942 2298 Mar-lli

766 2318 911 2384 homicidia,
929 2317 1060 2382 adulteria,
1079 2317 1155 2382 ιιιιιι,
1176 2317 1235 2370 inde
1249 2318 1382 2384 recesserit,
1402 2319 1461 2387 quia
1481 2319 1576 2371 nollent
1587 2311 1624 2370 ad
1635 2321 1721 2372 Deum
1732 2337 1791 2371 oon·

766 2398 829 2450 verti
843 2397 895 2449 eius
908 2397 1008 2450 munifi·
1021 2399 1045 2450 ἃ
1058 2397 1185 2466 exemptis.
1199 2393 1292 2457 Libet
1307 2395 1397 2458 huius
1414 2395 1507 2457 sancii
1527 2396 1674 2477 preconio
1688 2397 1790 2457 modi·

767 2494 838 2536 cum
859 2474 1025 2536 immorari.
1040 2487 1075 2540 Ut
1094 2485 1160 2537 enim
1176 2485 1277 2537 Soldam
1298 2485 1438 2555 babylonie
1452 2484 1530 2552 pollet
1545 2485 1615 2538 adire
1634 2486 1791 2555 presentiam,
1801 2481 1823 2528 S·
1833 2482 1951 2538 amru,

767 2563 850 2616 multis
873 2565 896 2617 se
910 2563 1022 2632 periculis
1036 2564 1178 2616 constanter
1189 2564 1311 2632 exposuit.
1335 2565 1437 2616 Exierat
1450 2565 1516 2616 enim
1534 2565 1672 2632 aSoldano
1690 2566 1791 2618 cnrdele
1819 2541 1940 2606 summ

766 2644 885 2709 ediilum,
902 2655 929 2696 ut
946 2644 989 2714 qui
1010 2643 1131 2695 christiani
1154 2657 1230 2711 ceput
1251 2642 1361 2708 afferret,
1381 2643 1517 2696 bizantium
1538 2660 1641 2695 aureum
1663 2661 1709 2713 pro
1729 2661 1792 2696 mer·

766 2721 828 2774 cede
841 2722 968 2790 reciperet,
987 2735 1014 2774 at
1027 2720 1150 2789 intrepide
1162 2721 1251 2774 Chrilli
1273 2722 1351 2787 miles,
1372 2723 1397 2774 in
1418 2723 1503 2774 calicia
1515 2723 1632 2775 hincinde
1652 2723 1678 2775 in
1699 2738 1791 2792 campo

767 2801 865 2866 locatis,
883 2801 930 2854 iter
950 2800 1061 2869 erripuit,
1084 2799 1171 2852 mortis
1185 2819 1277 2869 pavore
1299 2818 1348 2852 non
1371 2802 1480 2866 territur,
1503 2802 1545 2854 sed
1566 2802 1687 2854 desiderio
1698 2818 1791 2872 provo·

767 2891 847 2934 catut.
861 2880 1017 2934 Procedente
1039 2879 1123 2948 itaque
1137 2896 1167 2931 eo
1184 2897 1241 2932 cum
1265 2880 1341 2932 fratre
1359 2880 1510 2946 Illuminato,
1524 2880 1578 2933 viro
1592 2882 1678 2950 utique
1692 2879 1792 2933 luminii

766 2960 791 3012 δι
811 2958 917 3023 virtutis,
937 2972 1097 3012 occurrerunt
1118 2959 1233 3011 satellites
1251 2960 1374 3025 Saraceni,
1395 2961 1513 3012 &servos
1526 2960 1576 3012 Dei
1595 2960 1702 3012 feraliter
1720 2977 1789 3012 oum·

768 3037 910 3107 prehensos,
934 3038 1107 3091 crudeliter&
1125 3037 1345 3107 contemptibiliter
1364 3039 1559 3104 contractarum,
1577 3037 1711 3092 afficientes
1729 3055 1790 3090 con·

768 3117 843 3182 vitiis,
868 3117 1006 3186 affligentes
1030 3119 1182 3182 verberibus,
1206 3119 1229 3168 tie
1251 3117 1354 3170 vinculis
1379 3116 1528 3186 alliganter3
1551 3119 1673 3170 addudios
1686 3135 1789 3187 quoque
1802 3107 1931 3168 limum

767 3213 853 3249 coram
872 3198 896 3249 se
908 3196 1030 3249 Soldanua
1043 3197 1190 3264 interrogat,
1210 3213 1224 3248 a
1237 3195 1338 3264 quibua,
1358 3206 1401 3246 aut
1418 3195 1450 3246 ad
1463 3194 1534 3264 quid,
1556 3206 1600 3246 aut
1612 3196 1718 3263 qualiter
1730 3195 1790 3246 milli

767 3275 854 3330 essent.
873 3276 1018 3329 Auentini
1038 3276 1120 3328 servus
1138 3274 1282 3327 Franciscue
1298 3273 1422 3342 intrepido
1439 3274 1666 3343 conderespondit,
1689 3275 1712 3326 se
1735 3273 1791 3326 mis·

768 3355 820 3407 sum
830 3372 881 3408 non
892 3355 1043 3418 abhomine,
1051 3355 1091 3406 sed
1103 3373 1119 3405 a
1127 3355 1193 3418 Deo,
1214 3366 1241 3405 ut
1251 3354 1306 3406 ei&
1317 3353 1410 3422 populo
1420 3353 1462 3405 suo
1471 3353 1537 3405 riam
1551 3353 1633 3406 salutis
1642 3354 1791 3418 ostutderet,

767 3435 791 3486 δι
805 3433 964 3487 annuntiaret
980 3433 1146 3503 Evangeliurn
1159 3433 1279 3484 veritatis.
1293 3433 1382 3484 Tanta
1399 3449 1459 3485 vero
1472 3433 1563 3486 mentis
1575 3432 1721 3496 constantia,
1730 3444 1788 3485 tan·

768 3525 845 3581 toque
864 3513 961 3566 sertore
982 3513 1080 3581 spiritua
1102 3512 1213 3581 prediolo
1231 3511 1343 3563 Soldano
1364 3511 1499 3582 predicavit
1521 3513 1613 3563 trinum
1638 3511 1791 3581 unicumque

672 3627 675 3634 »
767 3593 860 3658 Deum,
872 3595 896 3646 it
912 3593 1065 3644 Salvatorem
1077 3590 1190 3644 omnium
1202 3590 1283 3643 lesum
1297 3590 1431 3654 Christum,
1443 3589 1512 3660 quod
1528 3590 1652 3642 Soldanua
1665 3591 1790 3642 admiran-

767 3671 828 3724 dum
835 3673 860 3724 in
871 3672 924 3723 viro
934 3671 982 3725 Dei
992 3671 1113 3724 servorem
1123 3669 1275 3738 conspiciens
1287 3670 1310 3720 ie
1324 3669 1453 3734 virtutem,
1461 3668 1566 3722 libenter
1576 3669 1653 3738 ipsum
1663 3669 1791 3732 audiebat,

767 3751 836 3802 &ad
850 3769 946 3804 moram
957 3752 1038 3804 secum
1055 3749 1252 3802 contrahendam
1271 3747 1399 3800 inslantius
1419 3747 1558 3800 invitabatr
1576 3761 1605 3799 at
1626 3748 1664 3801 ille
1686 3749 1791 3816 superno

768 3829 899 3882 illustratus
922 3829 1058 3883 miraculo=
1074 3829 1118 3882 «Si
1130 3830 1176 3894 vis,
1187 3827 1276 3896 inquit,
1289 3845 1348 3879 cum
1366 3839 1411 3880 tuo
1423 3828 1536 3880 converti
1549 3829 1644 3896 populo
1655 3827 1687 3878 ad
1706 3828 1791 3880 Chris·

771 3919 858 3974 utum,
881 3913 917 3963 ob
940 3909 1012 3979 ipsius
1035 3926 1146 3961 amorem
1160 3909 1288 3960 vobiscum
1302 3905 1456 3958 libentissime
1473 3907 1665 3959 commoraborr
1685 3907 1756 3975 quod
1773 3905 1788 3958 fi

770 4007 781 4034 ι
795 3988 882 4041 benus
904 4001 1005 4058 propter
1025 3987 1102 4039 fidem
1119 3987 1208 4039 Christi
1228 3986 1308 4055 legem
1326 3985 1454 4039 dimittere
1468 3985 1621 4049 Mabumeti
1634 3986 1692 4038 iube
1704 3985 1790 4054 ignem

769 4085 780 4114 ι
795 4068 898 4120 accendi
909 4067 1099 4137 permaximum,
1112 4067 1135 4118 dt
1150 4083 1199 4134 ego
1211 4082 1268 4117 cum
1282 4064 1451 4117 sacerdotibus
1469 4063 1517 4116 tuis
1527 4064 1611 4133 ignem
1619 4063 1753 4132 ingrediar,
1764 4075 1791 4116 ιιι

770 4146 831 4198 «vel
845 4146 877 4200 lic
887 4147 1034 4216 cognoscar,
1045 4163 1094 4214 que
1113 4144 1175 4197 fider
1188 4144 1303 4197 verior&
1325 4144 1417 4196 certior
1437 4143 1465 4194 lit
1486 4143 1601 4195 tenenda.
1614 4163 1625 4192 ι
1644 4143 1690 4195 Ad
1714 4160 1791 4212 quem

767 4223 905 4278 Soldanuae
922 4227 1004 4279 «Non
1023 4225 1108 4287 credo,
1119 4222 1188 4293 quod
1203 4223 1291 4292 aliquia
1304 4224 1336 4275 de
1350 4222 1520 4275 sacerdotibus
1542 4223 1604 4274 meir
1616 4223 1640 4275 se
1652 4222 1726 4275 vellet
1738 4221 1789 4292 igni

768 4323 778 4350 ι
792 4315 894 4373 propter
905 4303 979 4357 lidem
994 4304 1062 4356 suam
1075 4303 1252 4356 defensandam
1265 4318 1398 4371 exponere,
1403 4301 1441 4353 vel
1448 4319 1529 4370 ςειιιιι
1541 4301 1644 4370 aliquod
1651 4302 1732 4354 subire
1740 4313 1791 4354 tor·

768 4401 779 4428 ι
793 4383 879 4436 menti.
894 4403 905 4432 ι
920 4386 961 4436 Αι
974 4383 1012 4436 vir
1034 4382 1130 4434 sancius
1145 4381 1287 4434 subintulitz
1303 4379 1549 4433 ‹fficonverfionem
1562 4379 1695 4449 promittis,
1705 4379 1790 4449 ignem

769 4481 778 4506 ι
794 4462 857 4514 solur
869 4461 1010 4529 intrabo,&
1028 4463 1198 4514 ticombuslua
1206 4463 1287 4526 fuero,
1297 4461 1357 4513 meir
1375 4460 1639 4528 ascribaturpeccatiar
1649 4461 1683 4512 sin
1696 4472 1790 4524 autem,

768 4561 779 4588 ι
792 4541 916 4594 Christum
928 4542 978 4595 Dei
992 4542 1109 4594 virtutem
1119 4543 1143 4594 dr
1154 4542 1399 4610 sapientiam,rerum
1405 4541 1488 4591 Deum
1502 4541 1525 4591 ἃ
1535 4539 1674 4592 Dominum
1684 4540 1790 4608 cognos-

769 4639 780 4666 ι
792 4619 862 4672 cane.
874 4641 884 4667 ι
902 4619 1026 4672 Soldanus
1038 4619 1166 4688 optionem
1180 4620 1245 4672 hanc
1257 4619 1369 4688 accipere
1381 4620 1404 4670 se
1418 4636 1467 4671 non
1481 4619 1572 4671 andere
1583 4617 1719 4688 respondit,
1730 4615 1789 4685 quia

770 4697 914 4750 seditionem
927 4698 1012 4768 populi
1022 4697 1184 4751 formidabat.
1198 4699 1299 4751 Obtulit
1316 4709 1401 4750 autem
1418 4698 1441 4749 ei
1460 4697 1538 4749 multa
1555 4715 1656 4750 munera
1674 4695 1790 4764 pretiosa,
1803 4709 1822 4753 ι·
1833 4703 1870 4752 ²5¹

766 4793 816 4845 que
834 4777 987 4845 paupertatis
1008 4789 1108 4829 amator
1128 4777 1217 4845 sprevit
1238 4777 1322 4830 omnia
1345 4776 1413 4846 quast
1435 4777 1524 4841 lutum,
1546 4793 1576 4829 ex
1597 4793 1651 4846 quo
1667 4775 1789 4826 Soldanua
