4362 6560
606 1000 700 1092 ¹45·
736 967 932 1061 lohannes
954 967 1126 1063 Herold.
1292 1002 1375 1094 203

354 1231 492 1294 colorem
510 1228 625 1316 quesita
645 1232 751 1315 magis,
775 1251 868 1316 quam
882 1232 913 1295 iii
928 1234 1031 1295 animo
1046 1233 1125 1317 regis
1139 1234 1270 1296 suerunt.
1285 1233 1382 1297 Deses

354 1320 437 1383 enim
452 1321 531 1404 apud
547 1321 719 1401 Acconem,
733 1342 836 1384 reruni
850 1321 978 1384 omnino
990 1321 1068 1384 nihil
1081 1342 1183 1405 agens,
1197 1337 1244 1386 ter
1257 1338 1381 1407 quater-

354 1431 414 1492 que
426 1422 561 1489 vocatus,
572 1408 703 1472 reditum
714 1410 751 1472 ad
762 1408 937 1472 Damiatam
950 1411 1081 1494 negavit.
1094 1409 1202 1497 Quare
1213 1410 1337 1489 fastum,
1348 1427 1383 1475 ut

355 1511 503 1580 quantum
513 1496 610 1560 letitie
621 1519 659 1560 ex
667 1499 740 1561 urbe
748 1513 836 1579 capta
846 1499 1006 1562 Honorius
1016 1520 1095 1581 papa
1104 1495 1252 1578 hausisset,
1263 1515 1382 1562 tantum

354 1585 521 1648 tristitie&
546 1586 678 1648 duorum
705 1586 867 1648 hominum
894 1586 1191 1650 obstinatillimorum
1214 1588 1382 1652 ambitione

354 1675 538 1757 conciperet.
560 1674 612 1737 Ne
633 1674 725 1758 igitur
738 1674 905 1758 respublica
923 1675 1038 1759 aliquid
1055 1674 1232 1739 detrimenti
1249 1693 1383 1757 caperet,

353 1759 502 1824 Ioannem
519 1762 714 1842 cardinalem,
730 1784 768 1825 ex
780 1762 894 1826 familia
905 1761 1170 1843 Columnensium,
1184 1764 1382 1828 successorem

355 1849 478 1934 Pelagio
492 1851 602 1913 iterum
617 1853 720 1930 mittit,
734 1852 787 1935 qui
803 1849 1026 1931 Cannensium,
1040 1852 1245 1931 Venetorum,
1260 1851 1382 1915 Pisano-

354 1959 482 2021 rumque
493 1939 621 2002 navibus
635 1941 665 2002 in
677 1939 795 2022 Syriam
809 1939 902 2023 usque
917 1942 1043 2005 traiecit.
1058 1941 1101 2003 Hi
1112 1942 1196 2003 enim
1206 1941 1382 2024 captivitate

353 2027 436 2089 urbis
457 2027 679 2110 opulentillime
699 2027 810 2107 alledli,
833 2029 913 2090 haud
937 2031 1199 2093 contemnendum
1221 2050 1382 2093 numerum

354 2114 486 2178 militum
508 2116 754 2198 conscripserant.
779 2113 899 2179 Idcirco
914 2117 963 2200 spe
978 2118 1100 2200 longior
1115 2117 1167 2180 illa
1179 2140 1277 2198 mora,
1301 2121 1381 2203 apud

355 2203 532 2268 Damiatam
551 2205 628 2285 aeta,
651 2227 713 2268 non
734 2205 951 2290 usquequaque
965 2206 1082 2270 inutilis
1095 2207 1198 2270 habita
1212 2207 1263 2269 est.
1279 2206 1383 2271 Preter

353 2290 475 2355 clall'em
499 2295 592 2372 enirn,
618 2295 787 2356 multorum
814 2293 945 2356 aliorum
973 2296 1146 2378 principum
1172 2295 1383 2378 supplementa

353 2379 510 2444 accessere.
534 2380 619 2446 Inter
639 2404 717 2466 quos
740 2382 803 2465 ipse
826 2383 959 2447 Bavarus
974 2383 1164 2463 Ludovicus,
1188 2405 1260 2446 cum
1282 2407 1383 2468 popu-

353 2465 463 2530 larium
478 2468 600 2532 suorum
612 2492 722 2556 magna
741 2493 843 2551 manu,
858 2473 1006 2535 exercitui
1017 2471 1180 2536 christiano
1191 2472 1219 2535 se
1236 2474 1383 2554 adiunxit,

354 2575 371 2616 a
385 2554 411 2618 F
412 2557 549 2621 rederico
561 2558 703 2640 secundo,
717 2581 789 2622 cuni
804 2576 1022 2640 trecentorum,
1035 2583 1073 2622 ex
1088 2561 1156 2623 aula
1169 2562 1305 2624 virorum
1320 2563 1383 2624 for-

354 2645 532 2707 tillimorum
546 2648 676 2710 cohorte
691 2647 858 2731 premissus,
879 2668 972 2730 quem
986 2649 1086 2711 statim
1101 2648 1330 2732 insequuturum
1344 2649 1383 2728 se,

353 2732 493 2796 literis&
508 2756 562 2798 ore
576 2736 774 2799 affirmaverat
789 2738 964 2820 imperator.
987 2737 1121 2820 Appulit
1141 2738 1233 2800 etiam
1247 2737 1299 2800 sub
1314 2737 1382 2802 Cal.

353 2819 422 2905 Iulij
439 2822 600 2888 Mattheus
621 2847 735 2904 coines,
759 2847 853 2909 quem
874 2824 900 2888 F
902 2826 1054 2889 redericus
1070 2825 1184 2907 Apulie
1206 2826 1382 2908 prefecerat,
1395 2836 1461 2885 tuli

353 2910 528 2974 triremibus
550 2912 780 2978 instrudlissimis
799 2915 882 2994 odio,
903 2913 1109 2996 septingentos
1123 2937 1161 2977 ex
1176 2914 1277 2977 Sicula
1290 2916 1381 2978 nobi-

353 2998 437 3061 litate
452 3000 580 3082 equites,
594 3002 670 3064 iussu
685 3001 711 3065 F
711 3003 840 3065 rederici
855 3004 1018 3082 devehens,
1033 3003 1107 3064 dum
1121 3005 1152 3065 in
1167 3002 1292 3086 Syriaco
1307 3006 1380 3066 mari

354 3087 518 3170 piratarum
531 3087 736 3174 Egyptiorum
757 3089 887 3169 classem,
909 3091 1001 3154 obvia
1014 3112 1135 3176 queque
1155 3091 1314 3174 depredari
1329 3113 1383 3155 au-

354 3173 450 3255 disset,
474 3176 639 3240 duodecim
654 3179 753 3262 longis
767 3179 901 3242 hostium
915 3181 1041 3243 navibus
1057 3179 1084 3242 se
1099 3180 1201 3260 infert,
1224 3179 1292 3262 ipsis
1306 3203 1384 3244 con·

352 3264 474 3348 gressus,
496 3266 576 3328 haud
598 3287 710 3350 magno
731 3266 857 3350 negotio
872 3265 958 3328 fudit.
985 3267 1144 3348 Oppreffit
1164 3289 1202 3330 ex
1224 3269 1267 3330 eis
1290 3289 1382 3332 naves

353 3369 485 3436 quatuor
499 3375 535 3416 ac
550 3376 628 3438 aqua
642 3355 790 3418 demersit.
816 3355 947 3439 Relique
962 3353 1080 3436 trepida
1094 3355 1165 3439 fuga
1179 3355 1210 3418 in
1225 3353 1382 3440 Egyptum

354 3443 382 3505 se
397 3463 550 3526 recepere,
573 3443 690 3507 duabus
710 3446 856 3527 exceptis,
871 3465 946 3527 quas
960 3459 1063 3526 captas
1078 3443 1180 3506 secum
1195 3443 1383 3524 Damiatam,

353 3530 448 3614 preda
468 3531 588 3596 onustas
613 3533 750 3613 deduxit,
775 3531 914 3596 ducentis
934 3531 1105 3595 Sarracenis
1127 3531 1284 3616 suspendio
1309 3554 1383 3596 ene·

351 3621 437 3684 catis.
464 3620 523 3683 His
544 3621 633 3684 aneta
650 3642 699 3684 res
723 3621 881 3684 christiana
902 3621 1018 3684 viribus
1041 3619 1150 3683 llorere
1164 3620 1334 3701 videbatur,
1347 3643 1383 3685 ac

353 3708 389 3771 ad
405 3729 453 3772 res
467 3709 613 3792 gerendas
627 3724 746 3772 tantum
762 3710 947 3791 imperatore
961 3730 1075 3772 carere.
1099 3705 1271 3792 incipiebat
1290 3711 1384 3772 etiam

353 3816 494 3879 proceres
515 3811 577 3860 tam
603 3796 699 3881 segnis
725 3819 811 3861 more
836 3797 949 3875 tedere,
972 3795 1039 3880 spes
1060 3796 1225 3859 evertende
1252 3797 1383 3862 Barbare

352 3884 567 3968 superstitionis
585 3907 692 3950 omnes
713 3902 866 3949 maturare
886 3886 1044 3968 negotium
1055 3885 1270 3968 compellebat.
1286 3886 1383 3970 Lega-

353 3989 400 4037 tus
415 3975 515 4057 igitur,
540 3975 651 4038 milites
673 3972 807 4058 adsigna
831 3976 1007 4053 convenire,
1026 3974 1056 4036 iii
1072 3972 1222 4036 sultanum
1238 3975 1281 4037 ire
1296 3976 1382 4039 iube·

353 4063 412 4125 bat.
433 4061 529 4126 Miles
544 4063 628 4126 dieto
643 4063 723 4125 haud
736 4064 868 4146 parebat,
884 4062 913 4125 dr
926 4059 945 4124 si
959 4063 1106 4146 magnaei
1121 4065 1383 4145 promitterentur,

353 4149 1384 4320 lhttthltltlfflt,‘ititlitsitt‘tl'sst‘lhtss‘is

353 4329 428 4409 nim,
456 4330 558 4393 audita
587 4328 698 4413 Pelagij
731 4329 761 4392 &
789 4330 910 4393 Brenne
939 4330 1149 4408 contentione,
1177 4329 1257 4392 ledlo
1285 4329 1383 4392 milite

353 4415 499 4501 Egyptio,
522 4419 558 4480 ad
578 4417 638 4481 diei
661 4419 752 4482 unius
766 4419 832 4498 iter,
857 4440 954 4502 prope
978 4419 1084 4481 urbem
1105 4417 1200 4481 castra
1219 4419 1383 4482 locaverat

352 4501 389 4567 In
404 4505 468 4568 dies
482 4504 599 4568 nostros
614 4507 801 4588 provocabat
823 4505 1073 4590 populationibus
1095 4505 1125 4570 δι
1147 4504 1384 4586 excursionibus,

353 4595 385 4656 in
400 4613 525 4656 omnem
539 4594 729 4658 occasionem
744 4597 889 4674 intentus,
903 4615 964 4679 qua
974 4595 1093 4658 nostros
1107 4616 1146 4658 ex
1165 4595 1239 4657 urbe
1253 4596 1284 4657 in
1300 4615 1384 4658 cam-

354 4703 410 4766 pos
434 4697 572 4764 patentes
596 4704 632 4746 ac
660 4684 916 4746 exundationibus
945 4683 1012 4746 Nlli
1039 4683 1190 4747 obnoxios
1216 4682 1382 4765 pelliceret.

353 4767 451 4854 lgitur
474 4792 514 4833 ne
537 4786 653 4836 tantam
678 4772 879 4856 ignominiam
903 4772 1036 4856 perferre
1060 4773 1174 4836 diutius
1199 4785 1384 4856 cogerentur
