4362 6560
566 1041 638 1162 96.
668 1036 868 1132 Chronico
889 1040 1009 1169 regio
1035 1037 1298 1168 Colonienfis.
1372 1073 1453 1162 149

432 1297 499 1362 sunt
511 1317 602 1360 naves
625 1295 644 1359 6
658 1316 754 1359 nonas
768 1294 844 1379 iulij,
870 1295 900 1357 δι
923 1316 1028 1358 comes
1042 1296 1207 1359 Hollandie
1222 1311 1346 1379 portum
1361 1296 1454 1378 peciit
1467 1308 1535 1354 ruta

432 1407 503 1449 cum
526 1384 663 1468 pluribus
687 1383 814 1446 navibus
833 1384 864 1445 in
884 1405 978 1467 regno
1000 1383 1224 1467 Portugalense,
1247 1385 1279 1447 in
1299 1385 1386 1447 cuius
1408 1385 1454 1446 iu·
1469 1404 1526 1450 ¹²¹⁷

432 1476 526 1539 troitu
547 1491 607 1536 tres
621 1492 712 1534 naves
733 1472 888 1534 constable
903 1472 988 1549 sunt3
1010 1493 1115 1536 comes
1129 1493 1200 1534 vero
1220 1475 1258 1534 de
1271 1473 1368 1534 Wide
1382 1493 1454 1534 cum
1542 1468 1545 1476 '

432 1562 497 1625 aliis
511 1561 639 1625 navibus
651 1560 803 1646 reliquum
818 1563 940 1624 intravit
951 1577 1075 1643 portum
1090 1563 1120 1623 in
1135 1565 1245 1624 eodem
1260 1582 1364 1642 regno.
1378 1556 1454 1620 lnde

431 1652 606 1712 recedentes
626 1651 645 1713 6
667 1650 733 1712 idus
756 1651 819 1734 iulij
847 1651 984 1732 proxima
1009 1651 1142 1732 sequenti
1171 1651 1245 1713 feria
1265 1664 1387 1731 portum
1407 1647 1550 1711 in-1u1.10

432 1752 513 1800 trant
538 1736 807 1815 Ulixibonensem3
834 1739 877 1800 est
896 1738 979 1800 enim
1004 1739 1173 1800 Ulixibona
1197 1739 1303 1800 civitas
1327 1737 1454 1818 optima,
1466 1751 1508 1796 lul.
1522 1764 1547 1799 11

432 1827 548 1909 optime
569 1825 631 1904 sita,
655 1827 685 1889 in
709 1848 746 1888 eo
772 1827 884 1889 scilicet
909 1827 989 1904 loco,
1015 1827 1066 1888 ubi
1089 1827 1232 1889 auriferas
1249 1827 1358 1908 Tagus
1379 1826 1453 1886 mari

432 1935 567 1978 occeano
577 1913 746 1996 copulatur.
760 1916 848 1977 Hanc
860 1917 942 1976 enim
956 1916 1111 1977 civitatem
1122 1915 1278 1998 quondam
1288 1912 1456 1976 construxit

432 2002 555 2082 Ulixes,
571 2023 642 2063 cum
657 2023 673 2064 a
686 2003 787 2064 Troia
802 2002 868 2085 post
881 2006 945 2065 eius
967 2002 1202 2065 destrudlionem
1221 2003 1352 2077 receffit3
1372 2001 1455 2082 prius

431 2091 513 2154 enim
535 2088 649 2152 ibidem
670 2089 824 2154 invenerat
847 2091 1003 2154 Achillem
1028 2093 1107 2154 inter
1124 2091 1201 2154 silias
1216 2090 1403 2174 Lycomedis
1424 2089 1454 2150 in

431 2178 511 2241 veste
531 2178 672 2241 muliebri
695 2178 849 2242 latentem.
872 2181 966 2243 Nunc
987 2196 1089 2242 autem
1111 2181 1152 2242 ibi
1171 2195 1330 2241 veneratur
1343 2198 1455 2258 corpus

430 2265 510 2327 beati
526 2265 681 2348 Vincentij
705 2267 846 2329 levite&
865 2268 1005 2329 martiris.
1030 2267 1113 2330 Cum
1134 2268 1235 2348 itaque
1257 2265 1330 2327 disti
1351 2285 1455 2326 cruce·

431 2349 535 2435 signati
550 2373 604 2435 per
619 2352 736 2437 aliquot
750 2355 813 2417 dies
833 2355 864 2416 in
879 2353 1023 2416 hocloco
1039 2369 1237 2430 morarentur,
1260 2352 1455 2434 expedientes

430 2438 503 2502 alias
516 2461 609 2503 naves
623 2463 694 2503 cum
705 2442 815 2524 quibus
829 2442 1039 2520 condixerant,
1053 2439 1237 2503 accesserunt
1248 2441 1285 2502 ad
1300 2461 1352 2502 eos
1364 2439 1455 2501 Seve-

430 2528 490 2591 rius
505 2528 663 2611 episcopus
680 2527 918 2608 Ulixibonensrs,
932 2529 1090 2611 episcopus
1101 2526 1284 2606 Elborensrs,
1299 2526 1454 2590 Martinus

430 2617 664 2679 commendator
684 2617 797 2680 milicie
822 2619 859 2680 de
884 2616 1029 2696 Palmela,
1052 2617 1235 2700 Templarij‚
1260 2613 1453 2698 Hospitalarij

430 2724 503 2765 cum
526 2703 592 2768 aliis
614 2705 770 2768 nobilibus
791 2705 973 2789 Portugalie,
997 2705 1060 2768 suas
1081 2705 1124 2768 eis
1146 2706 1306 2767 continuas
1332 2703 1455 2766 tribula-

430 2792 530 2854 tiones
548 2791 578 2855 &
592 2793 740 2876 angustias
761 2817 799 2856 ex
813 2795 907 2856 nimia
921 2795 1034 2856 vicinia
1046 2794 1282 2856 sarracenorum
1296 2790 1455 2875 querulose

430 2899 466 2940 ac
486 2877 720 2943 lamentabiliter
741 2881 943 2963 exponebant,
966 2878 1126 2942 asserentes
1150 2879 1278 2941 castrum
1300 2878 1454 2961 quoddam

430 2963 488 3027 elle
511 2967 543 3029 in
567 2969 681 3031 foribus
704 2968 838 3050 ipsorum
863 2990 880 3029 a
900 2969 1071 3032 Sarracenis
1095 2968 1306 3046 inhabitatum,
1330 2967 1455 3028 nomine

432 3054 561 3134 Alebaz,
581 3078 675 3138 aquo
690 3056 765 3118 olim
780 3058 894 3137 fratres,
914 3059 966 3140 qui
982 3058 1020 3119 de
1036 3056 1152 3121 Gladio
1168 3054 1368 3138 appellantur,
1388 3056 1455 3117 sunt

433 3143 521 3206 eiedli
536 3144 566 3206 δι
579 3145 733 3226 captivati,
757 3146 901 3208 addentes
921 3147 1029 3223 eciam,
1042 3145 1103 3207 boc
1123 3142 1251 3206 castrum
1266 3145 1297 3206 in
1312 3140 1454 3226 pensione

434 3249 490 3294 roo
510 3232 741 3296 christianorum
761 3235 812 3295 suo
834 3235 897 3316 regi
918 3236 955 3295 de
971 3232 1118 3296 Marroch
1139 3232 1260 3315 singulis
1279 3232 1365 3295 annis
1389 3232 1454 3293 sore

431 3319 609 3403 obligatum.
634 3322 744 3406 Sicque
760 3323 921 3404 petierunt,
945 3339 979 3384 ut
1000 3321 1110 3384 intuitu
1131 3320 1288 3382 christiane
1301 3319 1454 3402 religionis

431 3408 468 3471 ab
483 3410 591 3472 incolis
615 3411 704 3474 huius
722 3409 781 3473 loci
807 3410 907 3473 valida
930 3432 1022 3472 manu
1036 3431 1089 3473 eos
1104 3410 1298 3491 dignarentur
1318 3407 1454 3488 liberare,

431 3517 503 3558 curn
527 3499 587 3560 boc
608 3499 737 3560 castrum
758 3497 830 3561 esset
853 3500 946 3562 clavis
965 3499 995 3562 δι
1011 3497 1196 3560 antemurale
1220 3498 1320 3558 tocius
1344 3496 1454 3560 erroris

432 3585 594 3667 Hyspanie.
619 3588 664 3649 At
688 3588 761 3649 dieti
786 3590 914 3652 comites
939 3586 1064 3651 consilio
1087 3608 1158 3650 cum
1182 3586 1315 3648 discretis
1340 3585 1454 3666 habito,

432 3675 621 3738 attendentes
636 3677 717 3736 viam
731 3677 822 3740 maris
836 3699 874 3738 ex
889 3676 1084 3761 inequalitate
1100 3675 1244 3757 temporis
1259 3675 1302 3736 eis
1317 3671 1375 3736 elle
1390 3695 1454 3757 pre·

431 3760 554 3843 clusam,
574 3762 795 3845 &presentiam
818 3765 949 3847 ipsorum
962 3766 1065 3827 Terre
1079 3763 1187 3826 Sandle
1201 3763 1301 3825 minus
1317 3763 1381 3825 sore
1396 3765 1455 3826 uti·

432 3848 503 3930 lem,
524 3851 656 3913 maxime
673 3873 745 3914 cum
760 3852 971 3916 Romanorum
995 3873 1047 3916 rex
1069 3853 1098 3915 δι
1114 3851 1246 3914 Romani
1266 3873 1337 3914 cum
1352 3852 1454 3918 multis

432 3940 618 4021 principibus
633 3940 815 4004 Alemannie
826 3943 886 4004 boc
898 3958 1037 4024 tempore
1050 3963 1112 4004 non
1127 3939 1285 4019 transeant,
1298 3939 1456 4025 elegerunt

432 4028 533 4109 potius
551 4029 580 4089 in
596 4027 741 4113 obsequio
762 4031 866 4092 divino
881 4031 985 4093 medio
1004 4046 1143 4112 tempone
1158 4030 1296 4092 insudare
1310 4029 1340 4092 δι
1354 4031 1456 4093 inimi-

431 4135 540 4178 corum
553 4115 625 4178 fidei
639 4116 715 4179 sines
730 4117 880 4198 invadere,
895 4139 987 4202 quam
1002 4122 1081 4201 apud
1097 4118 1200 4181 locum
1212 4118 1345 4201 aliquem
1359 4115 1456 4199 quies-

432 4204 530 4267 cendo
546 4220 701 4288 tamquam
712 4205 784 4269 servi
800 4208 920 4270 inutiles
935 4210 1005 4270 ocio
1017 4229 1133 4270 vacare.
1147 4208 1257 4290 Sicque
1268 4208 1304 4269 ad
1317 4204 1455 4269 obsiden-

432 4293 506 4354 dum
520 4294 669 4375 prefatum
682 4295 811 4357 castrum
825 4296 1028 4379 conspiratum
1042 4294 1093 4359 est.
1117 4297 1168 4360 Ab
1183 4298 1243 4358 boc
1258 4297 1359 4377 itaque
1374 4294 1454 4357 fatto

433 4378 556 4462 plurimi
581 4382 807 4464 discordabant,
834 4387 865 4448 &
892 4387 1024 4448 maxime
1052 4384 1210 4465 Fresones‚
1237 4385 1289 4468 qui
1319 4384 1456 4465 proxima

340 4502 362 4549 ρ.
372 4497 416 4546 241
432 4467 566 4552 sequenti
582 4471 655 4532 seria
669 4471 736 4553 post
755 4472 861 4535 festum
880 4471 983 4538 lacobi
998 4474 1034 4536 ab
1050 4473 1551 4536 Ulixibonacum8onavi-1u1.26

433 4557 489 4620 bus
502 4559 551 4620 vel
573 4559 664 4641 paulo
686 4560 754 4642 plus
775 4560 966 4626 recesserunt.
989 4563 1101 4626 Tertio
1116 4562 1207 4646 igitur
1231 4560 1552 4644 kal.auguslia1u1.3o

433 4646 522 4709 distis
542 4648 706 4710 comitibus
731 4647 878 4712 obsessum
900 4651 942 4712 est
961 4650 1098 4730 castrum,
1126 4651 1173 4713 sed
1202 4670 1221 4735 3
1247 4670 1343 4712 nonas
1366 4651 1552 4729 huiusnug.3

432 4733 541 4799 mensis
564 4738 764 4802 advenerunt·
776 4739 807 4802 iu
822 4740 950 4823 pulchro
973 4741 1120 4803 comitatu
1143 4740 1250 4822 prefati
1272 4737 1404 4822 episcopi
1427 4738 1456 4800 ἃ
