4362 6560
760 1029 842 1123 150
895 1000 1131 1127 Testimoniu
1154 1000 1197 1090 in
1220 999 1442 1091 Germania
1452 996 1630 1121 scripta.

680 1287 738 1333 1217
751 1261 857 1325 fratres
875 1261 990 1325 milicie
1009 1260 1111 1325 saneti
1135 1258 1250 1340 lacobi,
1274 1262 1327 1345 qui
1340 1260 1372 1324 δι
1385 1262 1424 1324 de
1438 1259 1556 1326 Gladio
1569 1258 1771 1342 appellantur,

749 1370 822 1412 cum
835 1348 901 1414 aliis
912 1350 1065 1413 nobilibus
1080 1351 1118 1413 de
1131 1370 1226 1433 regno
1240 1348 1424 1434 Portugalie.
1438 1348 1546 1413 Statim
1561 1347 1628 1430 post
1640 1349 1698 1411 hec
1712 1348 1770 1410 im-

750 1436 868 1520 pletum
891 1436 935 1499 est
956 1435 1106 1518 fossatum,
1129 1438 1159 1500 δι
1183 1437 1280 1500 fadtus
1304 1437 1347 1500 est
1366 1437 1502 1515 insultus,
1525 1433 1556 1498 δι
1577 1435 1773 1498 instrumenta

751 1524 861 1588 bellica
879 1523 946 1587 sunt
964 1539 1073 1589 contra
1095 1547 1229 1605 murum,
1247 1525 1278 1589 δι
1292 1526 1442 1590 interseffi
1462 1525 1529 1588 suut
1543 1541 1604 1587 tam
1617 1522 1771 1586 christiani

749 1634 843 1696 quam
856 1611 1023 1692 sarraceni,
1042 1614 1088 1677 isti
1103 1614 1254 1698 lapidibus
1267 1613 1313 1677 illi
1327 1613 1447 1698 sagittis.
1470 1611 1576 1677 Postea
1589 1608 1772 1676 accesserunt

750 1699 872 1764 fossores
896 1700 948 1763 sub
963 1717 1039 1765 terra
1052 1702 1212 1782 fodientes,
1234 1720 1267 1766 ut
1280 1724 1403 1765 murum
1419 1703 1574 1765 deicerent
1584 1727 1594 1777 3
1616 1716 1648 1763 at
1668 1698 1771 1763 Sarra·

749 1791 817 1852 ceni
840 1791 1030 1852 econtrario
1055 1790 1205 1854 fodientes
1225 1791 1341 1855 nostros
1361 1791 1569 1873 inpedierunt3
1590 1805 1691 1852 tantm
1710 1803 1772 1850 tam

635 1903 694 1960 Aug,
706 1913 737 1960 24
749 1877 871 1940 illorum
888 1877 992 1941 labore
1011 1894 1073 1941 tam
1094 1901 1131 1942 ex
1147 1879 1271 1941 istorum
1285 1881 1369 1942 circa
1381 1878 1488 1942 festum
1502 1877 1593 1940 sanai
1609 1876 1773 1940 Bartholo-

749 1967 809 2028 mei
824 1967 936 2029 cecidit
949 1988 1009 2029 una
1019 1968 1116 2046 turris,
1130 1989 1187 2030 nec
1201 1985 1301 2030 tamen
1318 1968 1415 2050 patuit
1428 1967 1537 2046 aditus,
1551 1966 1677 2028 interior
1690 1966 1773 2034 enim

649 2072 736 2134 δορις
750 2074 819 2134 pars
831 2055 953 2134 parietis
963 2053 1077 2116 mansit
1092 2053 1233 2117 Proxima
1244 2055 1346 2138 itaque
1358 2053 1493 2138 sequenti
1507 2053 1579 2116 seria
1589 2051 1657 2134 post
1666 2051 1772 2114 festum

749 2141 914 2204 nativitatis
941 2141 1040 2204 sancte
1064 2142 1166 2206 Marie
1196 2157 1304 2206 contra
1328 2141 1483 2205 cristianos
1507 2139 1683 2223 congregati
1706 2139 1773 2200 sunt

749 2243 881 2310 quatuor
892 2249 977 2311 reges
988 2227 1222 2292 Sarracenorum
1236 2231 1267 2292 in
1278 2230 1475 2293 multitudine
1484 2229 1580 2312 gravi,
1592 2247 1645 2290 rex
1660 2226 1773 2290 scilicet

750 2314 864 2393 Sibilie,
888 2337 947 2398 que
961 2316 1021 2379 alio
1035 2319 1161 2380 nomine
1185 2316 1318 2400 Hispalis
1338 2319 1457 2398 dicitur,
1481 2319 1512 2381 in
1537 2337 1598 2400 qua
1616 2314 1772 2399 quondam

751 2403 855 2466 beatus
867 2402 1015 2466 Yfidorus
1026 2419 1090 2466 erat
1099 2404 1354 2487 archiepiscopus,
1368 2404 1398 2468 δι
1411 2425 1466 2468 rex
1480 2405 1518 2467 de
1529 2403 1678 2469 Corduba
1691 2400 1773 2464 unde

750 2490 895 2554 Lucanus
909 2489 1021 2554 exstitit
1034 2493 1189 2571 oriundus,
1201 2493 1276 2556 ficut
1289 2493 1354 2556 eius
1367 2492 1570 2576 epistaphium
1583 2490 1719 2555 testatur:

907 2622 1040 2686 Corduba
1053 2647 1096 2687 me
1104 2625 1211 2708 genuit,
1226 2627 1325 2708 rapuit
1336 2624 1428 2704 Nero,
1437 2625 1535 2710 prelia
1548 2624 1616 2704 dixi,

907 2710 974 2796 Qua
982 2711 1092 2796 geffere
1100 2728 1198 2799 pares,
1211 2711 1373 2800 hincsocer,
1385 2714 1448 2776 inde
1456 2735 1562 2797 genem·
1663 2786 1670 2796 ¹

751 2842 863 2906 tercius
883 2862 937 2905 rex
957 2841 996 2903 de
1010 2837 1115 2921 lehen,
1137 2858 1262 2926 quartus
1282 2843 1321 2905 de
1335 2841 1502 2906 Badalouz.
1517 2840 1567 2905 Isti
1582 2863 1666 2926 reges
1678 2839 1773 2904 fixere
1796 2869 1864 2918 οη
1879 2868 1913 2917 1st
1924 2868 1988 2931 ,pp

750 2931 881 2992 tentoria
901 2949 998 3012 prope
1018 2929 1196 2994 chrilh'anos
1216 2930 1253 2992 ad
1269 2951 1362 2992 unam
1376 2931 1505 3010 leucam,
1526 2931 1664 2993 volentes
1677 2927 1771 2991 chris·
1786 2887 1997 3056 leitils-¹¹·-

749 3019 849 3080 tianos
867 3017 905 3079 de
926 3017 1042 3100 prefato
1062 3017 1157 3080 castro
1171 3017 1306 3100 effugare
1318 3018 1349 3081 dt
1362 3020 1532 3101 captivatos
1554 3016 1655 3081 secum
1675 3015 1772 3078 abdu·
1785 2993 1999 3118 Ἆῖςζῂῧ

749 3124 829 3168 cere.
850 3104 908 3168 Sed
923 3106 1118 3187 omnipotens
1140 3104 1239 3184 Deus,
1261 3108 1313 3188 qui
1328 3105 1460 3189 superbis
1474 3105 1588 3187 resistit,
1607 3103 1774 3168 humilibus

750 3192 825 3256 dans
844 3192 983 3275 gratiam,
1002 3195 1143 3277 dignatus
1163 3193 1206 3256 est
1226 3194 1294 3259 suos
1307 3196 1479 3259 confortare
1504 3197 1600 3260 tribus
1621 3190 1773 3256 miraculis

636 3318 697 3380 sep,
709 3330 738 3364 ,ο
751 3281 934 3364 preostensis.
948 3279 1015 3365 Ipsa
1028 3283 1111 3345 enim
1124 3284 1174 3346 die
1189 3284 1226 3346 ad
1240 3283 1377 3367 vesperas
1390 3286 1531 3368 apparuit
1545 3280 1728 3366 triumphale
1741 3282 1773 3344 iu

750 3374 819 3433 aire
833 3369 979 3433 vexillum
999 3369 1099 3434 sandle
1113 3371 1224 3436 Crucis
1244 3374 1276 3435 in
1290 3372 1406 3457 lignum
1420 3373 1556 3436 victorie
1581 3372 1652 3437 Post
1673 3370 1774 3433 nodlis

750 3459 887 3521 medium
900 3460 1036 3522 venitin
1056 3460 1241 3524 adiutorium
1262 3461 1494 3525 christianorum
1509 3461 1614 3526 Petrus
1634 3457 1774 3542 magister

750 3544 865 3610 milicie
878 3547 1017 3630 Templi,
1039 3548 1070 3611 dt
1091 3548 1201 3633 inipso
1225 3549 1370 3613 conflidlu
1395 3550 1455 3614 visa
1475 3551 1518 3614 est
1541 3548 1773 3614 candidatorum

750 3635 837 3699 turba
850 3635 958 3699 celitus
972 3633 1064 3700 milla.
1079 3636 1178 3700 Mane
1191 3653 1293 3698 autem
1307 3638 1398 3720 sisto,
1418 3640 1450 3702 iu
1466 3639 1515 3702 die
1529 3637 1672 3702 videlicet
1689 3635 1774 3700 Proti

635 3753 696 3815 sq,
709 3765 735 3800 n
749 3723 780 3787 δι
792 3721 930 3804 lacindli,
951 3727 983 3788 in
1004 3728 1138 3788 maxima
1155 3725 1289 3789 elatione
1307 3727 1380 3790 dicti
1394 3748 1480 3811 reges
1501 3743 1619 3811 aparte
1632 3726 1772 3790 orientali

750 3816 787 3880 ad
803 3837 935 3901 pugnam
949 3815 1016 3880 sunt
1026 3817 1168 3880 ordinati.
1182 3818 1228 3879 At
1236 3816 1401 3897 christiani,
1414 3817 1547 3880 minores
1561 3816 1620 3881 hiis
1633 3838 1773 3898 numero,

749 3910 881 3972 maiores
895 3923 997 3970 autem
1015 3907 1137 3986 merito,
1156 3904 1220 3970 suas
1237 3907 1317 3970 acies
1332 3906 1436 3970 debito
1450 3906 1558 3970 ordine
1570 3905 1743 3972 struxerunt
1755 3931 1774 3974 a

750 4013 833 4080 parte
852 3994 1044 4059 occidentali.
1070 3993 1163 4059 Unde
1178 3993 1290 4058 refulsit
1306 3994 1350 4059 sol
1363 3997 1394 4058 in
1409 3995 1526 4078 clipeos
1539 4017 1657 4076 aureos,
1670 3996 1700 4060 δι
1714 4001 1774 4063 res·

750 4087 955 4172 plenduerunt
968 4102 1088 4150 montes
1102 4088 1140 4151 ab
1161 4088 1215 4167 eis,
1234 4087 1265 4152 &
1279 4089 1426 4152 fortitudo
1440 4089 1578 4171 gentium
1592 4086 1685 4150 corde
1697 4107 1774 4148 con·

750 4176 812 4239 susa
825 4175 876 4238 est,
891 4173 980 4263 Quid
996 4174 1104 4258 plural
1119 4171 1170 4239 llli
1183 4176 1215 4238 in
1225 4177 1351 4256 viribus,
1365 4175 1410 4239 isti
1426 4178 1458 4240 in
1472 4175 1533 4240 fide
1546 4174 1716 4239 confidunt.
1730 4176 1775 4238 At

751 4264 907 4330 Martinus
920 4266 1155 4329 commendator
1169 4263 1312 4346 Palmele,
1331 4286 1439 4348 parvus
1453 4287 1595 4348 corpore,
1608 4265 1701 4328 corde
1714 4263 1775 4342 leo,

751 4352 897 4416 vexillum

950 4453 1127 4516 ....dextra
1141 4453 1262 4516 vibrans
1273 4451 1441 4537 clipeumque
1447 4450 1565 4538 stnistro
1787 4461 1868 4513 W

751 4617 837 4680 lateri
862 4613 1017 4696 adaptans,
1043 4611 1162 4696 galeato
1185 4611 1301 4674 vertice
1324 4631 1488 4695 parumper
1511 4608 1648 4691 demisso,
1670 4613 1773 4676 corni·

751 4705 861 4786 pedem
883 4719 973 4767 acuto
993 4702 1111 4768 calcare
1132 4721 1280 4785 pungens,
1304 4701 1418 4765 ruiture
1438 4701 1537 4785 gentis
1550 4701 1687 4764 medium
1701 4721 1773 4782 pro-

750 4793 832 4877 rupit
845 4794 877 4856 in
887 4813 996 4877 agnmn
1004 4818 1015 4870 3
1028 4792 1078 4855 cui
1091 4811 1155 4855 non
1169 4790 1270 4852 minor
1284 4787 1347 4874 ipso
1358 4789 1492 4872 iungitur
1506 4789 1537 4853 in
1550 4809 1652 4874 pugna
1665 4787 1772 4852 Petrus
