4362 6560
503 1012 598 1104 105.
637 980 845 1102 Caestzrius
866 977 1216 1110 Heiflerboeenfis.
1293 981 1370 1104 163
1416 1047 1421 1062 .

353 1234 477 1298 lendino
493 1234 597 1297 domui
613 1234 662 1297 sue
676 1235 824 1318 contiguo
839 1249 959 1297 motum
979 1233 1061 1318 quast
1076 1249 1143 1299 rote
1158 1233 1301 1298 molentis
1323 1257 1377 1299 au·

353 1323 438 1387 divit.
453 1321 656 1406 Clamansque
671 1343 811 1405 puerum,
823 1322 900 1386 dixit
913 1325 963 1387 ei:
987 1323 1096 1412 <Quis
1117 1320 1237 1387 admisit
1258 1321 1378 1385 molen-

353 1410 482 1476 dinum?
508 1411 606 1490 Vade,
627 1411 698 1473 vide
714 1412 781 1494 quis
796 1411 837 1474 ibi
856 1409 899 1474 stt
910 1433 924 1473 a
937 1410 997 1476 Ivit
1012 1435 1097 1496 puer,
1112 1413 1142 1476 dt
1156 1413 1265 1487 rediit;
1279 1411 1376 1474 nimio

351 1501 435 1563 enim
447 1500 577 1562 horrore
592 1499 745 1582 perculsus
757 1500 921 1581 procedere
936 1523 998 1564 non
1014 1503 1123 1578 potuit.
1142 1501 1203 1566 Cui
1220 1500 1376 1563 dominus:

354 1615 368 1648 ‹
386 1589 459 1668 Dic,
474 1589 546 1671 quid
562 1587 604 1650 est
616 1588 656 1651 ibi
667 1588 702 1650 i»
720 1589 910 1672 Respondit:
927 1615 940 1648 ‹
954 1590 1077 1654 Tantus
1091 1591 1201 1653 horror
1215 1589 1251 1651 ad
1267 1585 1376 1649 ostium

272 1704 298 1750 p.
309 1701 336 1747 71
352 1677 521 1740 molendini
536 1673 643 1739 invasit
651 1698 710 1756 me,
721 1693 755 1739 ut
766 1677 968 1760 compellerer
978 1681 1081 1741 redire.
1093 1698 1108 1739 t
1121 1676 1163 1741 Et
1171 1673 1378 1740 ille:‹Etiam·

352 1764 523 1829 fidiabolus
540 1765 580 1827 ibi
592 1761 637 1845 stt,
650 1787 708 1849 ego
723 1767 832 1828 vadam
846 1766 876 1828 δι
890 1765 1215 1850 videbonlniediaque
1226 1781 1297 1847 toga
1315 1763 1377 1826 sca·

353 1852 442 1936 pulis,
467 1875 504 1916 eo
529 1855 612 1937 quod
635 1855 734 1918 nudus
757 1851 839 1934 esset,
853 1856 889 1917 ad
915 1854 1127 1919 molendinum
1154 1855 1248 1933 venit,
1268 1851 1378 1914 ostium

352 1943 479 2022 aperuit,
499 1942 689 2025 introspexit,
706 1945 737 2006 in
753 1965 814 2026 quo
832 1943 1016 2006 horrendam
1034 1942 1179 2005 visionem
1202 1941 1287 2004 vidie
1310 1941 1377 2004 Sta-

352 2028 425 2092 bant
438 2030 480 2093 ibi
492 2033 554 2094 duo
568 2033 640 2116 equi
650 2033 819 2115 nigerrimi,
835 2032 865 2094 δι
882 2035 928 2094 vir
943 2031 1068 2114 quidam
1082 2031 1228 2094 deformis
1243 2030 1377 2092 eiusdem

351 2116 464 2181 coloris
474 2120 559 2183 iuxta
571 2142 676 2203 equos.
701 2119 769 2208 Qui
786 2120 906 2183 dicebat
920 2119 956 2183 ad
978 2119 1144 2182 rusticum:
1162 2145 1174 2176 ‹
1189 2116 1318 2195 Festina,
1335 2115 1378 2178 as-

351 2208 449 2269 cende
458 2228 572 2291 equum
594 2207 693 2288 istum,
707 2210 779 2293 quia
798 2225 923 2290 propter
943 2223 973 2271 te
989 2208 1137 2272 adductus
1157 2206 1240 2270 estu
1263 2203 1378 2288 Expal-

352 2293 409 2356 luit
422 2293 474 2357 ille
491 2296 521 2360 bt
539 2298 734 2375 contremuit,
755 2297 826 2380 quia
843 2297 975 2359 iubentis
994 2317 1105 2359 vocem
1129 2297 1230 2358 minus
1250 2293 1378 2358 libenter

351 2383 476 2446 audivit.
499 2384 643 2467 Cumque
657 2385 693 2446 ad
710 2383 801 2447 talem
817 2383 1024 2447 obedientiam
1045 2387 1211 2466 imparatus
1225 2380 1307 2459 esset,
1322 2383 1377 2444 ite·

351 2488 418 2534 rato
442 2473 555 2534 clamat
581 2473 737 2537 diabolus:
774 2499 787 2530 r
807 2470 895 2558 Quid
922 2473 1046 2536 tardas?
1069 2471 1189 2534 Proiice
1210 2471 1323 2532 vestem
1348 2468 1378 2531 ἃ

351 2559 458 2621 venis»
475 2559 552 2623 Erat
565 2578 668 2624 autem
682 2582 768 2640 crux,
782 2581 874 2644 quam
889 2559 1064 2641 susceperat,
1079 2562 1179 2622 eidem
1193 2559 1266 2621 vesti
1276 2554 1377 2620 alluta

353 2645 441 2734 Quid
457 2647 566 2730 plural
583 2649 737 2714 Virtutem
748 2647 899 2712 diabolice
914 2649 998 2712 vocis
1010 2671 1064 2731 per
1087 2648 1327 2730 desperationem
1346 2648 1377 2708 in

351 2735 443 2798 corde
457 2735 509 2799 suo
525 2737 663 2816 sentiens,
678 2738 707 2801 bt
722 2739 782 2800 iam
802 2734 933 2799 resistere
948 2758 1010 2798 non
1031 2736 1144 2815 valens,
1168 2735 1281 2798 vestem
1300 2735 1378 2797 reie-

351 2821 447 2900 cit,&
466 2822 677 2886 molendinum
702 2824 826 2886 intravit
833 2851 843 2900 ;
863 2845 987 2906 equum,
1002 2825 1065 2887 imo
1088 2823 1256 2902 diabolum,
1276 2822 1377 2885 ascen·

350 2910 404 2972 dit.
415 2908 601 2973 Ascendit&
616 2911 755 2976 diabolus
769 2933 883 2995 equum
898 2911 1037 2992 alterum,
1049 2911 1079 2976 δι
1091 2912 1142 2975 sub
1155 2911 1251 2974 multa
1269 2910 1378 2974 celeri-

350 3013 410 3060 tate
422 2994 508 3060 stmul
523 2997 645 3060 deducti
661 2999 727 3062 sunt
751 2998 787 3061 ad
806 2998 920 3061 diversa
939 2999 1007 3062 loca
1030 3022 1186 3082 penarum.
1207 2997 1244 3062 In
1266 2998 1376 3082 quibus

349 3085 444 3147 homo
463 3085 549 3147 miser
568 3101 683 3167 patrem
704 3085 734 3147 δι
754 3103 883 3148 matrem
904 3086 1110 3150 miserabiliter
1136 3088 1222 3167 vidit,
1243 3086 1376 3169 aliosque

350 3171 509 3257 plurimos,
523 3194 600 3256 quos
612 3173 772 3238 defunctos
788 3175 947 3257 ignoravit.
965 3175 1053 3238 Vidit
1063 3175 1104 3238 ibi
1120 3177 1211 3238 etiam
1223 3175 1376 3259 quendam

349 3261 511 3324 honestum
525 3260 654 3324 militem
672 3283 770 3344 nuper
783 3279 950 3342 mortuum,
970 3263 1094 3326 Heliam
1115 3267 1242 3327 nomine
1256 3264 1294 3326 de
1317 3261 1377 3325 Ki-

350 3353 451 3433 ninge‚
466 3349 658 3432 burgravium
673 3350 704 3412 in
719 3349 815 3413 castro
831 3350 956 3427 Huorsl,
970 3372 1063 3413 vacce
1077 3353 1185 3414 furenti
1199 3349 1376 3414 insidentem

350 3437 452 3501 averso
464 3459 605 3519 corpore,
619 3439 660 3501 ita
672 3453 705 3500 ut
715 3438 841 3501 ¹dorsum
856 3439 982 3501 haberet
996 3439 1032 3502 ad
1045 3461 1162 3502 cornua
1176 3461 1277 3502 vacce.
1300 3435 1375 3588 §fue

350 3525 410 3588 huc
435 3525 569 3609 illucque
594 3525 837 3605 discurrebat&
858 3528 972 3590 crebris
995 3527 1105 3590 idlibus
1128 3526 1250 3590 dorsum
1272 3529 1314 3589 mi
1327 3527 1376 3589 itis

350 3614 537 3678 cruentabat.
559 3613 619 3679 Cui
641 3635 712 3678 curn
731 3615 878 3678 usurarius
901 3616 1038 3678 diceret:
1064 3615 1240 3694 «Domine,
1262 3636 1323 3698 qua
1345 3635 1376 3676 re

350 3703 495 3766 sustinetis
511 3717 625 3765 tantam
640 3701 767 3786 penam?
783 3728 796 3760 2
820 3701 989 3785 respondit:
1008 3704 1170 3766 ‹Vaccam
1185 3701 1270 3766 istam
1289 3704 1376 3785 rapui

349 3792 410 3855 fine
421 3791 626 3854 misericordia
637 3791 758 3854 cuidam
768 3790 988 3866 vidue,&ideo
999 3791 1060 3855 fine
1068 3791 1376 3873 misericordiaopor-

350 3896 394 3944 tet
405 3901 454 3942 me
468 3879 505 3941 ab
523 3877 575 3941 illa
589 3900 699 3962 penam
711 3880 789 3942 hanc
809 3877 959 3941 sustinere.
974 3905 987 3937 2
1010 3879 1140 3944 Ostensa
1159 3877 1202 3942 est
1220 3881 1247 3942 ei
1269 3881 1300 3942 in
1322 3878 1377 3941 eis·

350 3971 421 4031 dem
444 3968 520 4032 locis
545 3970 633 4052 ignea
654 3967 747 4046 sedes,
767 3968 798 4029 in
820 3989 880 4050 qua
893 3967 977 4030 nulla
996 3983 1115 4050 poterat
1137 3967 1194 4030 esse
1213 3969 1308 4051 quies,
1327 3966 1375 4029 sed

350 4055 431 4120 seffio
443 4055 569 4139 penalis,
583 4055 950 4138 &penainterminabilin
962 4055 1154 4139 Didiumque
1165 4055 1208 4118 est
1217 4057 1284 4118 ei:‹
1300 4053 1377 4118 Mo·

351 4146 391 4208 do
405 4146 564 4208 reverteris
590 4145 619 4205 in
641 4145 767 4206 domurn
790 4159 884 4222 tuam,
905 4143 972 4226 post
989 4161 1047 4206 tres
1070 4161 1172 4205 autem
1197 4144 1260 4207 dies
1282 4159 1375 4206 exuto

350 4255 481 4316 corpore
498 4234 655 4294 reverteris
673 4233 704 4293 in
720 4231 823 4295 locum
838 4247 936 4311 tuum,
951 4231 981 4293 δι
1000 4233 1175 4294 mercedem
1194 4248 1278 4294 tuam
1295 4233 1376 4294 acci-

351 4324 415 4405 pies
426 4323 457 4384 in
469 4320 535 4385 sede
550 4319 633 4383 ista.»
645 4319 751 4384 Moxa
762 4321 893 4383 demone
905 4319 1121 4383 redudlusffln
1134 4319 1311 4382 molendino
1323 4319 1377 4381 de-

351 4409 474 4496 positus,
495 4432 572 4494 pene
586 4409 733 4473 exanimis
748 4408 878 4473 retectus
892 4407 943 4471 est.
965 4405 1111 4472 Inventus
1123 4408 1163 4471 ibi
1179 4408 1216 4471 ab
1230 4428 1328 4470 uxore
1346 4406 1376 4471 bt

351 4500 474 4579 familia,
497 4517 588 4583 atque
609 4499 640 4561 in
656 4497 768 4560 lectum
791 4498 978 4581 deportatus,
999 4518 1071 4559 cum
1087 4498 1301 4580 requireretur,
1323 4496 1374 4559 ubi

350 4589 432 4667 esset,
445 4587 494 4650 vel
515 4587 596 4650 unde
613 4587 739 4664 veniret,
754 4585 927 4669 respondit:
949 4612 961 4643 ‹
980 4586 1030 4648 Ad
1046 4584 1115 4648 loca
1129 4584 1286 4647 insemalia
1300 4587 1375 4647 duc·

352 4694 399 4741 tus
410 4677 463 4756 soi,
478 4676 508 4738 δι
520 4675 578 4738 hec
592 4689 684 4758 atque
700 4675 757 4736 hec
768 4675 883 4736 ibidem
894 4674 964 4737 vidi.
978 4672 1124 4739 Ostendit
1134 4674 1209 4736 mihi
1223 4674 1251 4736 in
1262 4673 1374 4736 eisdem

351 4766 427 4828 locis
442 4763 552 4827 ductor
565 4783 652 4826 meus
667 4762 767 4826 sedem
781 4783 883 4842 unam,
898 4762 927 4825 δι
941 4763 1028 4843 dixit,
1039 4762 1110 4845 quia
1123 4761 1199 4824 mihi
1210 4761 1290 4824 soret
1304 4781 1374 4843 pre-
