4336 6572
792 995 868 1056 102
960 964 1200 1094 ‘Iestimoniu
1223 965 1261 1055 in
1290 961 1431 1058 Gallia
1443 965 1626 1094 scripta.

711 1231 769 1278 1218
782 1225 955 1296 prenominato
966 1225 1056 1291 casino,
1073 1224 1186 1295 subsequi
1205 1242 1255 1279 non
1268 1237 1383 1294 poterant
1396 1224 1530 1278 exereitum
1544 1225 1621 1296 usque
1640 1228 1673 1280 ad
1691 1229 1732 1282 sex
1749 1229 1802 1283 dier

780 1303 814 1354 ab
828 1301 895 1355 exitu
906 1303 938 1357 de
950 1317 1025 1374 portu
1037 1305 1142 1358 Achon.
1161 1303 1239 1358 Multi
1249 1305 1335 1372 etiam,
1344 1304 1387 1374 qui
1398 1304 1522 1374 preparati
1531 1323 1581 1358 non
1590 1319 1660 1360 eraut
1670 1307 1694 1360 br
1705 1325 1801 1361 morem

779 1379 960 1450 aliquantulum
977 1383 1088 1438 secennt
1100 1383 1167 1454 apud
1181 1384 1276 1437 Aulion
1289 1385 1343 1454 poli
1362 1384 1456 1455 primoe
1469 1384 1616 1454 navigante·
1635 1399 1680 1439 aut
1697 1387 1801 1442 omuino

778 1461 956 1529 remanserunt,
964 1473 1009 1516 aut
1021 1463 1189 1517 uirentorum
1202 1462 1288 1533 repulsu
1298 1463 1353 1517 sunt
1364 1463 1390 1515 in
1402 1464 1506 1529 Acbon,
1515 1475 1559 1517 aut
1570 1481 1613 1535 per
1625 1475 1678 1518 treu
1690 1466 1730 1519 rel
1739 1485 1801 1537 qua-

778 1550 836 1593 tuor
844 1539 1015 1595 hebdomadae
1029 1543 1114 1597 iaciati
1122 1561 1165 1614 per
1174 1560 1242 1596 mare
1252 1560 1348 1596 moram
1361 1541 1483 1596 feceruut.
1500 1545 1566 1597 Cum
1579 1555 1665 1598 autem
1678 1545 1800 1615 quesitum

778 1617 838 1672 effer
852 1622 885 1673 ab
897 1620 1038 1674 hominibus
1052 1640 1095 1692 per
1104 1622 1227 1688 ordinem,
1236 1622 1296 1692 quid
1309 1621 1391 1676 facere
1402 1622 1504 1688 debent,
1515 1623 1540 1675 δι
1551 1622 1655 1691 quidam
1666 1624 1800 1679 suaderunt

777 1697 892 1766 reditum,
911 1719 941 1753 ex
957 1719 1008 1771 quo
1024 1702 1148 1772 oepitanei
1169 1719 1221 1756 non
1241 1703 1382 1768 veniebant,
1404 1701 1466 1754 dixit
1489 1700 1649 1756 Nichosrensrs
1670 1704 1800 1775 archiepis·

776 1795 864 1849 copus,
875 1781 943 1849 quod
958 1782 1054 1834 bonum
1066 1779 1136 1848 effer,
1149 1780 1166 1833 sr
1180 1779 1259 1833 eletio
1273 1779 1406 1851 capitaneo
1418 1780 1504 1848 aliquo
1516 1780 1548 1832 ad
1562 1791 1653 1834 terram
1666 1781 1800 1838 descende·

687 1865 690 1872 '
776 1874 859 1912 remur
873 1860 1016 1930 mpitaneoe
1030 1860 1065 1914 ibi
1080 1862 1257 1931 exspeiianter.
1279 1865 1374 1914 Omnee
1392 1860 1607 1913 concordaverunt
1624 1862 1681 1913 huie
1699 1862 1799 1916 consilio

775 1936 880 1991 &fauo
892 1937 1025 2008 capitaneo
1042 1938 1135 1992 comite
1154 1939 1186 1991 de
1206 1941 1351 2008 Sarepunte,
1369 1937 1535 2007 applicuimus
1554 1939 1587 1990 ad
1604 1949 1707 2008 portum
1725 1939 1798 1992 maris

775 2016 938 2086 Damiate,&
955 2018 1067 2072 hostilem
1083 2029 1177 2071 terram
1198 2017 1310 2088 cepimus
1327 2016 1376 2070 srne
1391 2017 1515 2086 sanguinie
1526 2017 1647 2086 impensa,
1662 2028 1797 2088 antequam

774 2111 816 2148 rex
828 2097 853 2149 be
865 2097 906 2164 alij
921 2097 1008 2163 ducet,
1020 2097 1063 2167 qui
1076 2110 1147 2150 erant
1158 2099 1183 2150 in
1197 2098 1284 2168 galeir,
1297 2097 1510 2166 subsequerentur.

692 2193 697 2204 ·
810 2175 932 2229 Referunt
953 2189 1038 2229 autem
1056 2177 1170 2248 quidam,
1196 2178 1266 2248 quod
1287 2193 1344 2229 cum
1367 2176 1440 2246 pauci
1457 2176 1573 2230 Saraceni
1592 2176 1687 2246 equitet
1712 2193 1798 2230 excur-

773 2267 854 2308 rerent
873 2256 907 2309 ad
925 2267 1035 2326 portum,
1052 2256 1121 2310 Friso
1138 2257 1241 2327 quidam
1264 2255 1316 2309 fixo
1330 2257 1434 2309 dextero
1454 2273 1522 2325 genu
1536 2256 1561 2308 in
1574 2267 1648 2323 terra,
1662 2257 1687 2309 br
1708 2255 1797 2310 linillre

773 2349 849 2386 manu
870 2333 1045 2388 circumferens
1060 2334 1149 2388 ancille
1168 2336 1257 2388 dextra
1275 2334 1394 2405 spiculum
1418 2335 1532 2388 uibrabut
1552 2335 1674 2388 serreum=
1693 2335 1797 2389 intuitur

772 2412 807 2464 est
825 2429 883 2466 eum
907 2416 1044 2467 saracenus
1062 2415 1202 2468 existimant
1222 2433 1278 2468 eum
1298 2413 1391 2480 ludere,
1408 2413 1448 2467 sed
1463 2415 1545 2467 subito
1564 2432 1640 2484 equee
1659 2431 1717 2466 eum
1731 2431 1797 2484 equo

772 2489 897 2560 percussus
909 2493 1004 2546 corruit
1023 2495 1159 2560 interram,
1177 2493 1331 2564 fugientibus
1348 2493 1401 2546 aliie
1414 2494 1511 2562 absque
1522 2493 1590 2546 omni
1608 2493 1796 2563 impedimento.

772 2571 947 2626 Casinamerati
961 2572 1016 2626 sunt
1028 2572 1150 2626 christiani
1162 2572 1227 2626 inter
1238 2572 1307 2626 litrue
1321 2573 1396 2626 merie
1410 2573 1435 2625 br
1448 2573 1527 2642 ripam
1543 2572 1653 2625 flumini·
1665 2572 1725 2640 Nili,
1737 2591 1795 2627 cum

770 2647 935 2702 admiratione
950 2667 1044 2720 magna
1057 2651 1268 2721 subsequentium,
1284 2651 1416 2720 quomodo
1424 2651 1533 2703 tentoria
1543 2649 1592 2702 fixa
1604 2651 1729 2704 viderunt.
1737 2653 1796 2705 Hoc

770 2727 835 2780 enim
848 2727 963 2782 mirabile
975 2729 1034 2783 fecit
1048 2730 1185 2796 Dominus,
1202 2732 1271 2800 quod
1283 2731 1308 2783 iu
1321 2731 1402 2802 primo
1413 2730 1523 2782 adventu
1535 2747 1602 2800 aqua
1614 2729 1722 2782 fluminis
1734 2747 1796 2784 con-

768 2805 852 2860 tunna
865 2807 937 2873 mari,
957 2809 1035 2862 dulcis
1049 2810 1219 2863 hauriebatur.
1241 2811 1350 2864 Modico
1371 2807 1483 2879 tempbre
1496 2809 1550 2879 pusi
1569 2809 1706 2863 adventum
1719 2809 1796 2864 chris-

769 2884 893 2939 tianorum
911 2887 977 2941 faeta
989 2886 1036 2941 suit
1048 2886 1150 2960 eclypsu
1174 2890 1231 2942 lune
1243 2890 1294 2944 sere
1306 2889 1436 2958 generalis,
1453 2905 1530 2958 quam
1550 2900 1640 2941 contra
1657 2891 1792 2943 Samcenor

770 2963 925 3036 iuterpreteti
947 2967 1002 3020 sunt
1018 2967 1085 3037 quati
1106 2969 1297 3038 protendentem
1320 2985 1407 3022 eorum
1430 2968 1567 3035 desertum,
1590 2967 1634 3038 qui
1654 2967 1697 3021 fibi
1710 2969 1793 3022 sunam

769 3043 917 3111 attribuunt,
937 3043 963 3097 iu
981 3044 1136 3099 incremento
1151 3046 1349 3100 &decremento
1367 3046 1424 3100 lune
1447 3046 1490 3100 libi
1510 3064 1629 3118 megmm
1642 3047 1692 3101 rim
1714 3047 1794 3119 impu

770 3133 865 3176 neuter.

923 3303 971 3385 85.
986 3304 1035 3366 De
1049 3305 1213 3395 quibusdem
1226 3305 1404 3372 incidentibus
1417 3307 1491 3372 illius
1505 3310 1640 3392 temperis.

803 3482 895 3552 quue
914 3493 1029 3552 ternpore
1041 3483 1130 3536 Petrus
1145 3483 1284 3537 Parisreulie
1295 3486 1320 3538 dr
1332 3483 1452 3539 Gelterue
1471 3485 1608 3539 Hedueusu
1625 3487 1649 3540 tc
1670 3487 1792 3541 Iordanue
1805 3498 2004 3561 Albamque..

768 3559 934 3628 Lexorieulis,
955 3560 1079 3614 Heuricue
1098 3579 1200 3633 quoque
1218 3580 1303 3617 comen
1329 3563 1484 3618 Niuernensis
1505 3566 1529 3618 br
1552 3565 1690 3619 Gualterus
1710 3583 1793 3620 came·
1806 3561 2006 3622 ⁶³1¹·me

767 3639 847 3693 radus
867 3643 1023 3694 Francorum
1042 3642 1108 3711 regie
1126 3644 1150 3696 dr
1167 3643 1255 3696 iterius
1267 3644 1300 3696 de
1313 3644 1463 3697 Thociacho
1476 3643 1567 3715 aliique
1579 3644 1651 3698 multi
1666 3646 1791 3700 baronum
1804 3639 1826 3686 Ρ·
1835 3625 1887 3685 ⁹⁰⁸·

766 3737 824 3773 cum
837 3721 933 3790 populo
944 3720 1046 3791 copioso
1058 3722 1105 3774 iter
1117 3722 1238 3792 arripiunt
1248 3723 1451 3777 transmarinum.
1465 3725 1522 3776 Rex
1531 3722 1650 3793 siquidem
1660 3726 1792 3796 Hungerle

766 3800 791 3852 dr
803 3799 855 3852 dux
865 3799 969 3854 Austrie
987 3816 1054 3853 anno
1070 3802 1212 3870 precedenti
1230 3801 1450 3857 transfretaverunt
1463 3805 1487 3856 dc
1499 3820 1559 3873 rege
1573 3803 1704 3874 ilungarie
1716 3821 1791 3874 repe·

766 3877 857 3932 triante
867 3879 920 3931 dux
930 3879 1033 3933 Austrie
1045 3879 1172 3950 ceterique
1183 3881 1216 3932 ad
1229 3882 1316 3936 urbem
1329 3881 1477 3936 Damiatam
1491 3881 1644 3936 transierunt.

766 4067 814 4132 86.
830 4068 877 4130 De
890 4071 1011 4152 captione
1025 4068 1208 4160 Hierusalem
1218 4086 1274 4156 per
1284 4071 1484 4153 Corradr'nrenr,
1498 4072 1623 4158 Torpuit
1623 4075 1788 4163 soldanum.

695 4266 754 4316 ¹²¹9
802 4247 844 4298 Ex
856 4243 955 4298 historia
969 4245 1095 4300 Damiate.
1107 4247 1189 4300 Anno
1200 4248 1282 4318 gretie
1298 4267 1363 4316 ηις
1382 4249 1481 4321 Regina
1499 4251 1607 4306 ciuitatis
1626 4252 1994 4324 ffiemsalem,ssrss.erieee.,111‚

767 4341 817 4393 que
836 4323 969 4376 ridebatur
988 4325 1215 4395 inexpugnabiliter
1234 4327 1339 4394 munita,
1361 4329 1485 4396 desirubla
1505 4331 1539 4383 esi
1556 4333 1724 4386 aCorradinu
1737 4333 1790 4388 filio
1863 4337 1929 4386 ¹137·

767 4403 909 4472 Salphadini
923 4403 982 4456 ioris
995 4406 1019 4458 br
1031 4404 1108 4458 inrue.
1122 4405 1192 4458 Muri
1204 4406 1269 4460 enim
1283 4425 1343 4461 cum
1354 4409 1462 4462 turribus
1475 4410 1569 4464 redacti
1581 4411 1672 4466 suntin
1686 4431 1789 4468 acervos

766 4481 878 4552 lapidum
890 4495 973 4554 preter
983 4484 1104 4554 templum
1119 4485 1225 4538 Domini
1239 4488 1263 4538 dr
1278 4487 1363 4540 turrim
1377 4488 1469 4542 David.
1484 4491 1525 4544 De
1538 4489 1667 4561 sepulchro
1680 4491 1790 4564 glorioso

766 4559 914 4615 destruendo
925 4562 1055 4617 confilium
1070 4564 1211 4618 habuemnt
1222 4565 1347 4632 Saraceni,
1366 4567 1391 4619 δι
1404 4584 1448 4636 per
1461 4567 1554 4621 litterar
1566 4571 1713 4625 comminati
1725 4572 1789 4639 sunt,

767 4657 832 4709 ques
844 4641 938 4697 civibus
950 4642 1069 4696 Damiate
1087 4645 1272 4698 transmiserunt
1288 4646 1320 4698 ad
1334 4662 1420 4699 eorum
1434 4647 1555 4702 solatium.
1576 4651 1624 4704 Sed
1641 4650 1699 4705 huic
1711 4664 1789 4708 teme·

766 4718 834 4772 nitati
842 4736 917 4774 nemo
929 4737 1018 4774 manere
1026 4739 1152 4794 apponere
1161 4723 1304 4797 presumpsit
1314 4737 1415 4796 propter
1423 4727 1585 4782 reverentiam
1596 4729 1657 4786 loci.
1672 4731 1712 4785 sic
1721 4733 1787 4788 enirn
