4336 6572
665 973 738 1054 40.
773 939 997 1032 Matthaeus
1036 941 1165 1033 Paris.
1378 977 1429 1067 59

402 1219 448 1256 vos
462 1220 526 1272 quos
538 1204 667 1257 tenebant.
693 1207 728 1256 Et
741 1216 844 1275 propter
855 1205 920 1258 hanc
932 1207 1073 1274 pollionem
1084 1206 1217 1257 tenendam
1235 1222 1277 1255 rex
1289 1207 1431 1272 Ierusalem,

403 1284 500 1351 legatus
510 1283 534 1334 δι
546 1283 596 1334 dux
608 1282 730 1349 Baivatie,
739 1301 797 1336 cum
810 1285 957 1354 quibusdam
968 1286 1020 1338 aliis
1030 1285 1165 1349 nobilibus,
1174 1286 1198 1335 in
1210 1285 1322 1352 hoiiagio
1333 1303 1431 1337 reman-

404 1362 495 1430 serunt,
513 1362 664 1414 &soldanus
674 1381 704 1415 ex
717 1364 759 1416 sua
770 1377 840 1434 parte
855 1384 903 1416 .xx.
919 1366 1017 1417 obsides
1029 1365 1132 1416 tradidit
1143 1365 1287 1428 christianis,
1300 1367 1369 1432 quod
1381 1367 1431 1434 ipse

372 1501 375 1508 Ι
403 1442 493 1496 scilicet
520 1443 588 1506 suos,
619 1460 684 1511 quos
714 1449 817 1495 tenebat
848 1444 993 1496 christianos
1019 1446 1140 1510 esciavos,
1168 1444 1260 1495 liberos
1289 1445 1430 1512 resignaret.

404 1522 480 1582 Quod
492 1521 524 1574 stc
541 1522 645 1574 deinum
667 1539 725 1574 cum
746 1523 853 1574 maxima
871 1525 1053 1576 christianitatis
1073 1525 1150 1576 totius
1164 1523 1307 1574 confuiione
1320 1524 1430 1590 ratium,

403 1601 462 1668 quia
482 1601 597 1671 [quanto]
618 1602 702 1671 captio
716 1605 833 1655 Danriate
847 1604 978 1671 gloriosos,
991 1616 1062 1655 tanto
1076 1604 1122 1654 fuit
1134 1603 1227 1654 amisiio
1239 1602 1430 1655 iarnentabilior.

403 1679 498 1741 Tunc
514 1678 728 1742 insultaverunt
747 1680 983 1762 improperando
999 1681 1165 1742 christianis
1182 1679 1311 1740 viliores
1327 1681 1430 1742 Sarra-

404 1767 471 1830 ceni
486 1767 632 1846 dicentes,
656 1793 668 1824 ι
687 1767 775 1855 Quid
797 1789 880 1830 nunc
895 1768 1010 1850 profuit
1024 1770 1111 1830 vobis
1124 1766 1213 1829 vestri
1229 1769 1303 1828 tanti
1318 1767 1430 1832 laboris

404 1856 501 1918 inanis
522 1856 723 1918 diuturnitas?
753 1854 860 1919 Vestra
879 1877 934 1918 vos
959 1856 1099 1918 confudit
1114 1857 1259 1937 superbia,
1284 1877 1355 1916 cuni
1376 1855 1431 1914 ob-

404 1943 496 2006 latam
510 1945 598 2006 vobis
621 1965 728 2026 pacem
748 1943 970 2023 honorabilem,
989 1946 1045 2007 toti
1066 1945 1126 2026 legi
1140 1944 1235 2006 vestre
1258 1943 1432 2020 frontosam,

405 2031 561 2096 rei'utastis.
579 2031 624 2094 Ut
634 2033 706 2114 quid
724 2031 791 2114 plus
806 2033 925 2112 exigitis
937 2054 1028 2114 quarn
1042 2054 1170 2114 regnum
1184 2031 1357 2108 Ierusalem,
1373 2049 1433 2092 ter-

405 2141 471 2184 ram
484 2120 597 2182 scilicet
608 2142 700 2202 quam
714 2117 816 2182 Ihesus
829 2121 966 2184 Christus
982 2120 1077 2182 vester
1091 2120 1284 2182 inhabitavit?
1302 2121 1346 2180 Ut
1357 2120 1430 2201 quid

318 2259 339 2306 p,
348 2256 391 2304 251
406 2212 505 2276 aiiena
517 2208 750 2290 concupiscitis?
770 2235 781 2264 ›
799 2222 854 2272 Hac
868 2221 947 2288 igitur
960 2221 1124 2289 cognoscens,
1138 2238 1180 2289 prr
1190 2222 1364 2272 intermeantes
1379 2237 1433 2270 tne-

407 2316 518 2354 moratus
532 2302 668 2372 Phiiippus,
687 2303 780 2354 Achon
793 2301 902 2364 divertit,
918 2319 948 2352 ne
963 2301 1060 2369 penitus
1080 2317 1158 2352 vacua
1173 2299 1288 2351 &inanis
1305 2297 1364 2350 esici
1380 2297 1432 2350 eius

406 2383 582 2452 peregrinatio.
599 2385 635 2434 Et
648 2381 695 2434 hec
707 2382 904 2434 occidentalibus
918 2379 1073 2449 significavit.

518 2677 578 2755 41.
605 2675 798 2728 ionnunns
823 2675 874 2727 on
899 2675 1136 2728 annuntium
1156 2667 1319 2746 (-1252),

736 2885 787 2949 ‘De
804 2883 965 2973 triumphis
982 2879 1108 2972 esclepia.

461 3075 464 3088 '
520 3089 579 3161 [nu
595 3091 712 3142 Thomas
725 3090 841 3160 Wright,
854 3092 940 3144 non.
955 3091 1031 3156 cius,
1045 3091 1140 3160 nona,
1157 3096 1234 3160 185⁶,
1245 3091 1319 3156 ua]

909 3267 928 3306 8

526 3484 590 3504 .....
605 3437 670 3500 Hec
684 3437 849 3500 Sarracenis
858 3461 925 3520 gens
935 3439 1014 3522 peior
1024 3439 1089 3521 plus
1102 3437 1295 3500 venerandam

565 3536 644 3598 Sevit
655 3537 683 3596 in
699 3535 844 3620 scelestam,
856 3537 929 3617 qaod
940 3538 1046 3598 ratione
1054 3538 1150 3619 proba.

526 3635 672 3718 Memphis
685 3657 735 3716 qne
745 3635 846 3716 finiar
860 3635 1014 3712 Damiatu,
1028 3636 1125 3716 vigore
1139 3647 1230 3697 coatia

565 3733 683 3809 Summa,
697 3731 758 3794 chri
781 3731 854 3792 icolis
868 3731 976 3818 clausa,
990 3733 1178 3812 receptafait.

527 3831 589 3893 Illic
599 3845 654 3914 par
668 3828 796 3891 Pharias
809 3833 934 3891 amavit
947 3828 1035 3890 Nilus
1050 3851 1165 3907 arenas,

565 3927 604 3990 Et
617 3925 722 4005 Christi
731 3924 838 4010 pugiles
852 3924 951 4007 cluiestt
964 3927 996 3985 li
1012 3925 1104 4010 hausit
1117 3929 1202 4006 siquis.

524 4024 651 4112 Quando
667 4021 822 4109 Ierusalem
837 4047 887 4084 rex
902 4023 1010 4084 inclitus
1023 4024 1069 4084 ille
1085 4023 1220 4086 Ioharmes

566 4119 725 4204 impulerat
733 4134 840 4202 gentem
842 4121 948 4204 strage
959 4143 1059 4181 cruore
1064 4121 1178 4204 feram,

524 4221 637 4302 Nmra
648 4219 756 4301 famem
766 4241 834 4299 gens
844 4217 931 4301 paffu
938 4219 1014 4300 fuit,
1029 4219 1144 4281 vallata
1159 4233 1278 4282 caterva

564 4317 602 4379 H
603 4317 678 4402 ostili,
692 4316 884 4400 ih'ilistnmine
898 4316 996 4404 clausa
1011 4319 1099 4398 vagis

526 4417 659 4479 Saldanus
673 4429 764 4477 tamen
779 4414 881 4495 sceleste
894 4414 1052 4504 transmiſsi
1066 4417 1169 4479 alendis

568 4515 658 4576 Panes
671 4513 814 4589 militibus,
828 4512 905 4592 hostis
917 4513 946 4573 in
962 4512 1031 4595 husie
1042 4515 1114 4596 pins.

525 4612 709 4694 adproprias
719 4613 837 4672 dominas
847 4610 994 4694 Memphis
1003 4611 1085 4689 redit,
1095 4609 1141 4672 hec
1148 4609 1206 4697 sed
1214 4613 1293 4674 ubire

565 4710 661 4772 Sanl‘le
670 4711 808 4791 permittit
821 4711 936 4792 agmina
950 4712 1036 4796 densa
1050 4711 1147 4772 crucis.
