4168 6502
471 1059 567 1153 193.
602 1024 925 1119 Bartholomaeus
947 1021 1141 1118 Albitius.
1221 1020 1308 1146 269

82 1305 106 1355 a.
114 1306 278 1370 humma,
292 1291 335 1356 sae
350 1305 449 1374 partes
464 1309 661 1374 paganorum.
674 1303 785 1354 Demum
802 1299 890 1352 beatus
901 1299 1047 1352 Franciscus
1059 1298 1154 1364 videm,
1166 1297 1235 1367 qood
1244 1296 1311 1351 fruc-
1324 1304 1383 1354 ¹²¹9

97 1375 168 1442 ΙΨ
178 1393 200 1440 t·
210 1388 254 1442 ²⁵¹,
291 1393 347 1436 tum
359 1397 436 1452 qoem
449 1381 603 1434 desiderabat
617 1379 709 1434 ibidem
722 1379 803 1433 facere
815 1395 865 1430 non
879 1389 986 1446 poterat,
998 1377 1111 1432 Domino
1121 1376 1166 1428 libi
1178 1375 1312 1442 revelante,

290 1461 408 1531 disposuit
429 1459 500 1512 sociis
521 1460 708 1528 recongregatis
726 1458 758 1510 ad
771 1469 852 1528 partes
866 1457 976 1510 fidelium
990 1475 1107 1510 remeare.
1129 1452 1172 1515 Et
1192 1452 1311 1516 rediens

291 1539 327 1602 ad
347 1536 513 1601 Soldanum
531 1535 616 1599 suum
631 1531 819 1619 propositum
839 1534 877 1596 de
892 1533 990 1596 reditu
1012 1535 1166 1618 indicavit,
1180 1540 1229 1601 cui
1244 1538 1312 1601 Sol·

290 1627 385 1690 dauue
410 1624 503 1688 dixit:
531 1622 671 1687 «Frater
695 1621 863 1702 Francisce,
892 1642 950 1704 ego
974 1620 1103 1688 libenter
1131 1627 1168 1690 ad
1197 1625 1311 1691 Christi

292 1712 414 1776 «sidem
427 1729 617 1793 convertere,
638 1711 685 1774 sed
711 1712 805 1773 modo
826 1711 886 1774 hoc
910 1710 1006 1772 facere
1032 1713 1136 1794 timeo,
1160 1717 1243 1798 quod
1265 1712 1311 1776 isti

290 1827 304 1861 ι
323 1801 478 1866 Sarraceni
497 1821 547 1862 me
560 1799 591 1863 dt
605 1815 635 1863 te
649 1820 721 1861 cum
734 1797 821 1861 sociis
834 1798 891 1860 suis
907 1794 927 1858 sr
942 1797 1094 1880 sentirent,
1107 1802 1205 1866 statim
1220 1803 1312 1864 inter·

291 1888 455 1953 «licerent.
476 1887 534 1952 Sed
548 1888 579 1952 du
597 1903 628 1950 tu
651 1908 723 1950 cum
743 1886 842 1948 adhuc
863 1885 993 1949 multum
1008 1889 1096 1971 pollis
1115 1890 1260 1974 perficere
1280 1889 1311 1953 du

291 2004 304 2038 ‹
321 1998 379 2062 ego
397 1976 529 2061 quedam
547 1996 657 2059 magna
675 1974 804 2056 negocia
825 1995 881 2057 pro
903 1972 993 2038 salute
1014 1978 1115 2040 anime
1136 2000 1204 2042 mee
1218 1979 1311 2042 anhe-

289 2065 416 2130 ‹lurem
430 2064 582 2148 expedire,
599 2063 715 2126 nollem
734 2076 866 2124 mortem
888 2077 970 2124 tuam
991 2064 1021 2127 δι
1041 2086 1141 2128 meam
1155 2067 1196 2129 ita
1210 2067 1311 2148 inopi-

293 2169 401 2217 ‹nate
429 2151 487 2214 Sed
512 2151 612 2214 indica
635 2151 710 2213 mihi
735 2150 862 2212 modum
886 2172 948 2233 quo
978 2150 1080 2229 salver,
1111 2153 1222 2236 &ego
1247 2153 1310 2215 sum

291 2256 441 2325 «paratus
462 2239 515 2302 tibi
538 2239 568 2302 in
589 2239 732 2301 omnibus
746 2238 879 2300 obedire.
902 2263 914 2295 ι
941 2237 982 2301 Et
995 2239 1112 2304 sandius
1133 2239 1159 2304 F
1160 2240 1310 2304 ranciscus

289 2329 366 2392 dixit
385 2327 431 2390 ei:
458 2327 640 2405 «Domine,
663 2347 722 2409 ego
746 2325 871 2408 quidem
898 2325 991 2388 modo
1018 2328 1157 2390 recedam
1181 2327 1309 2406 euobis,

290 2415 366 2479 ‹sed
395 2413 553 2497 postquam
577 2413 613 2475 ad
641 2411 745 2475 fideles
772 2412 901 2492 rediero,
928 2414 957 2476 δι
987 2414 1023 2476 ad
1046 2414 1147 2477 celum
1168 2413 1308 2478 Domino

290 2517 449 2566 «vocante
473 2499 625 2580 transiero,
657 2501 723 2584 post
748 2516 879 2563 mortem
907 2521 1007 2562 meam
1033 2503 1070 2564 sc.
1094 2503 1122 2566 d.
1150 2504 1309 2584 disponere

290 2619 303 2650 ι
317 2591 419 2654 divina
432 2589 550 2651 mittam
565 2589 651 2652 vobis
666 2589 743 2652 duos
758 2589 795 2650 de
810 2588 948 2652 fratribus
963 2592 1049 2669 meis,
1063 2610 1081 2651 2
1102 2591 1212 2674 quibus
1233 2590 1308 2672 bap-

289 2679 436 2742 ‹tismum
453 2677 606 2758 recipietis
627 2676 657 2739 dt
677 2675 772 2738 salvus
787 2677 884 2752 eritis3
906 2675 943 2738 sic
968 2678 1042 2740 mihi
1060 2677 1214 2741 Dominus
1228 2674 1309 2741 Iesus

290 2794 302 2826 ι
317 2763 452 2832 Christus
467 2763 609 2828 dominus
623 2785 709 2828 meus
723 2764 798 2826 mihi
812 2763 964 2826 revelavit.
981 2765 1047 2828 Vos
1065 2782 1167 2829 autem
1188 2766 1309 2828 interim

288 2880 301 2914 ‹
314 2854 352 2916 ab
359 2853 442 2916 omni
450 2851 581 2935 negocio
589 2873 644 2918 vos
655 2849 812 2930 dissolvite,
822 2868 856 2914 ut
865 2873 937 2914 cum
947 2853 1046 2936 gracia
1058 2853 1170 2918 Christi
1181 2854 1308 2931 venerit,

223 2939 227 2945 ’
286 2941 448 3004 «inveniat
470 2960 526 3002 vos
548 2938 608 3001 fide
632 2939 662 3002 dt
685 2939 850 3001 devotione
874 2957 1049 3021 paratum.»
1071 2940 1132 3004 cui
1157 2941 1306 3004 Soldanus

286 3025 443 3093 assentiens
456 3026 622 3111 gaudenter
636 3025 765 3090 fideliter
779 3028 922 3090 obedivit
942 3027 1067 3091 Sandus
1080 3050 1154 3090 vero
1168 3026 1194 3091 F
1196 3026 1305 3090 rancis·

285 3138 340 3181 cus
353 3116 442 3178 rediit
455 3116 491 3178 ad
507 3132 606 3198 partes
626 3114 773 3195 fidelium,
786 3115 816 3178 dt
831 3115 897 3197 post
911 3115 1027 3200 aliquot
1041 3137 1136 3179 annos
1152 3116 1305 3198 predictus

286 3204 434 3269 Soldanus
449 3202 613 3266 infirmatus
633 3203 675 3266 est
688 3203 953 3287 exspedtatumque
970 3205 1047 3266 beati
1062 3203 1212 3267 francisci
1235 3225 1305 3286 pro-

286 3291 405 3356 milsum
419 3293 472 3376 qui
487 3293 547 3354 iam
560 3293 597 3355 ad
619 3293 737 3355 beatam
758 3293 851 3354 vitam
870 3295 1066 3376 migraverat;
1081 3292 1179 3376 posuit
1198 3292 1304 3374 explo-

287 3399 401 3446 ratores
416 3382 445 3445 in
461 3383 556 3464 portis
571 3380 601 3443 dt
615 3397 772 3463 portarum
786 3381 926 3460 exitibus,
950 3378 1018 3443 utsr
1039 3383 1091 3464 qui
1115 3381 1177 3443 duo
1198 3382 1304 3445 fratres

286 3473 317 3535 in
331 3471 423 3534 saneti
437 3469 588 3533 Francisci
602 3471 706 3534 habitu
721 3487 911 3553 apparerent,
919 3469 996 3552 ipsos
1007 3471 1043 3533 ad
1053 3491 1123 3533 eum
1133 3469 1305 3533 festinanter

286 3560 480 3623 adducerent
495 3555 531 3621 In
546 3558 599 3621 illo
614 3575 716 3621 autem
730 3575 869 3641 tempore
888 3560 1025 3640 apparuit
1044 3560 1148 3622 beatus
1169 3557 1194 3620 F
1195 3558 1304 3621 rancis-

286 3669 340 3711 cue
353 3647 472 3711 duobus
486 3647 623 3711 fratribus
639 3647 738 3710 suis&
761 3647 897 3730 precepit
918 3645 986 3726 illis,
1006 3663 1041 3709 ut
1054 3643 1114 3708 fine
1129 3666 1216 3709 mora
1236 3668 1306 3728 per-

286 3751 389 3820 gerent
413 3735 449 3798 ad
471 3735 637 3799 Soldanum
658 3736 688 3798 δι
708 3734 831 3798 salutem
847 3735 910 3797 eius
931 3734 1005 3798 ficut
1032 3734 1257 3818 promiserat&
1277 3735 1304 3797 ei

177 3893 197 3938 Ρ·
259 3822 1209 3976 0titii“tillett‘ttttss‘ttttfflstlt‘{litt
1222 3823 1307 3972 gili

289 3933 571 4064 «mifitgllominus
592 4000 691 4063 servos
706 4000 783 4079 suos,
802 4003 883 4083 quod
904 3996 979 4062 ficut
993 3998 1167 4080 promiserat
1190 3933 1306 4061 lulllus

289 4115 301 4148 r
316 4088 341 4151 F
342 4088 490 4152 ranciscus
500 4089 541 4151 ita
552 4089 625 4150 mihi
637 4088 763 4152 servavit
774 4088 899 4151 sollicite
910 4109 964 4169 pro
976 4086 1067 4149 salute
1079 4108 1147 4149 mea
1157 4086 1306 4148 transmit-

289 4205 302 4236 «
316 4178 408 4242 tendo
423 4179 500 4240 duos
514 4177 619 4240 socios.
633 4201 645 4233 ›
662 4176 883 4260 Recipiensque
895 4199 912 4238 a
926 4175 1068 4258 predidlis
1083 4175 1219 4236 fratribus
1234 4171 1304 4236 fidei

287 4268 470 4329 documenta
485 4264 642 4328 &sacrum
658 4264 838 4349 baptismum
852 4263 913 4346 ipsa
927 4261 1100 4326 infirmitate
1115 4276 1259 4344 regnante
1273 4263 1305 4323 in

288 4355 414 4418 domino
428 4354 568 4437 migravit
591 4353 628 4416 ad
655 4355 835 4436 sempiterna
856 4353 976 4435 gaudia,
1000 4350 1030 4413 dt
1054 4350 1132 4411 salva
1159 4349 1237 4412 falla
1263 4348 1305 4410 est

287 4443 387 4506 anima
409 4442 473 4505 eius
497 4443 610 4504 meritis
635 4441 725 4504 saneti
742 4442 832 4525 patris
847 4439 1006 4517 Francisci,
1020 4454 1145 4520 optante
1164 4436 1304 4500 Domino

286 4531 388 4596 nostro
401 4527 466 4593 Iesu
482 4528 611 4595 Christo.
