4362 6560
519 1053 594 1140 77.
636 1019 804 1114 Thomas
832 1020 1173 1150 Conriprotenfis.
1274 1051 1351 1142 123

339 1303 450 1346 norum
465 1282 586 1346 suorum
600 1281 704 1345 saltem
719 1281 889 1361 mobilium,
903 1279 988 1345 salvis
1000 1278 1217 1344 hereditatibus
1225 1281 1361 1364 integris,

339 1369 532 1434 centesimam
546 1387 662 1454 partem
678 1370 747 1434 dare
762 1371 865 1434 velint
886 1371 969 1435 Cum
989 1369 1073 1433 enim
1092 1369 1203 1432 laboris
1222 1369 1279 1432 iter
1302 1368 1360 1432 dis·

341 1459 491 1540 plicuerit,
505 1459 553 1522 vel
566 1475 650 1523 certe
663 1459 819 1522 lucrorum
833 1459 954 1522 suorum
968 1459 1100 1521 viderint
1114 1474 1252 1540 tempora
1264 1460 1358 1541 depe·

339 1546 408 1626 rire,
428 1563 560 1629 querunt
581 1548 822 1630 dispensationes,
843 1547 958 1630 legatos
979 1546 1081 1610 Roma
1100 1545 1294 1628 multiplicat,
1307 1549 1360 1629 qui

340 1655 404 1712 eos,
418 1635 548 1716 pecunia
558 1636 720 1712 mediante,
734 1633 927 1713 sandiificent,
943 1633 1111 1718 liberosque
1126 1655 1143 1696 a
1157 1634 1289 1717 peccatis
1308 1653 1362 1715 per

340 1722 454 1785 litteras
465 1723 725 1785 recommendent
740 1721 826 1785 Bona
840 1721 1045 1801 sandiificatio,
1059 1745 1119 1805 que
1135 1722 1243 1785 liberat
1257 1743 1275 1784 a
1289 1742 1361 1803 pec-

340 1811 424 1888 catis,
434 1810 514 1874 bone
528 1809 558 1873 dc
573 1812 658 1874 beate
673 1808 780 1889 littere,
791 1831 850 1894 que
861 1810 889 1872 se
907 1810 1041 1874 securam
1062 1809 1281 1874 &mundatam
1296 1810 1361 1872 ani·

341 1918 423 1959 mam
437 1898 475 1960 ab
489 1899 573 1962 omni
587 1897 677 1981 culpa
691 1897 721 1961 dc
735 1920 814 1981 pena
826 1898 971 1962 fecerunt.

807 2077 845 2130 N⁰
860 2093 901 2130 η.

618 2195 735 2258 Crucem
740 2195 882 2284 sustinent
893 2196 955 2258 viri
967 2194 1095 2280 religiost.

249 2405 271 2450 ⁹·
285 2399 328 2448 ¹³⁹
342 2361 475 2512 cdiii
497 2360 760 2510 ttfflllttffl
774 2359 1015 2510 lll‘tll
1036 2358 1365 2512 tltlltltnl

341 2557 458 2620 graves,
471 2465 622 2598 silentiuiir
637 2469 937 2618 propdcontinuiim,
949 2469 1063 2597 vegstem
1085 2471 1219 2618 alperam
1239 2471 1366 2598 oddus-

342 2647 395 2688 nas
410 2624 527 2708 vigilias
542 2624 694 2702 sustinent,
712 2623 742 2686 δι
760 2625 792 2685 in
810 2623 857 2685 his
878 2623 1020 2686 omnibus
1041 2623 1158 2685 vietum
1178 2639 1311 2704 tenuem,
1336 2625 1366 2687 δι

342 2715 393 2775 vix
415 2711 512 2774 ullum
534 2711 673 2774 solatium
697 2711 819 2789 habent,
838 2711 867 2773 dr
888 2727 989 2773 tamen
1012 2711 1146 2774 necdum
1168 2728 1366 2794 peccatorum

343 2799 461 2862 suorum
479 2797 666 2883 indulgentie
681 2797 794 2861 litteras
810 2813 999 2879 acceperunt.
1015 2797 1119 2861 Credo
1135 2798 1188 2861 tibi
1201 2797 1304 2878 Paule,
1318 2799 1365 2862 sed

343 2888 418 2950 &in
433 2886 615 2970 Apostolatu
630 2887 689 2949 tuis
704 2883 929 2964 succell'oribus,
943 2887 1037 2948 credo
1047 2887 1367 2969 tibi,inquam,credo,

343 2976 396 3060 qui
414 2975 548 3037 veridico
570 2995 623 3036 ore
645 2974 765 3035 dixisti:
788 2973 869 3056 quod
892 2972 999 3035 reddet
1024 2974 1190 3056 unicuique
1209 2972 1366 3038 Dominus

343 3063 506 3127 secundum
517 3062 602 3124 suum
613 3061 752 3124 laborem
763 3060 1041 3144 (1Cor.111,13,14).
1053 3060 1163 3124 Taceo
1176 3062 1214 3124 de
1224 3063 1365 3126 fratribus

343 3149 596 3228 Predicatoribus,
610 3151 662 3232 qui
674 3148 777 3212 studiis
791 3149 945 3211 continuis
959 3149 988 3211 dc
1002 3149 1113 3232 vigiliis
1131 3151 1285 3229 macerati,
1302 3172 1366 3213 non

343 3239 488 3301 habentes
502 3238 533 3299 in
541 3258 662 3300 zonaes
671 3236 784 3317 (Marc.
793 3255 836 3315 vr,
842 3236 884 3314 8),
892 3237 940 3298 sed
949 3237 1140 3301 membranas
1148 3238 1279 3300 maxime
1291 3237 1367 3302 Pau·

343 3327 363 3390 li
381 3327 410 3410 (2
424 3325 512 3388 Tim.
525 3343 570 3406 ιν,
586 3334 648 3408 13):
671 3346 733 3387 non
755 3326 785 3387 in
801 3325 886 3407 equis
902 3339 954 3386 aut
967 3325 1112 3404 curribus,
1134 3324 1181 3387 sed
1198 3325 1273 3389 fellis
1288 3341 1368 3390 artu-

343 3417 400 3479 bus
411 3416 441 3478 &
453 3414 580 3496 pedibus
594 3415 775 3497 gradientes,
790 3413 1048 3495 predicationibus
1064 3430 1154 3476 terras
1169 3415 1367 3476 circumeunt.

344 3503 402 3568 Sed
418 3503 455 3566 de
470 3502 611 3565 fratribus
627 3500 806 3565 Minoribus
820 3501 966 3584 quidnam
978 3502 1078 3564 dicam
1092 3500 1104 3562 i
1119 3503 1171 3585 qui
1188 3504 1263 3563 duro
1275 3503 1368 3565 cincti

345 3589 492 3669 funiculo,
513 3587 618 3653 &fine
632 3590 745 3652 amidio
759 3610 856 3671 cappe
871 3589 918 3651 vel
935 3589 1029 3672 pallij‚
1046 3589 1143 3651 induti
1158 3591 1260 3652 tunica
1280 3589 1368 3673 super

345 3681 439 3757 nudo,
454 3678 580 3760 pedibus
595 3678 685 3741 nudis
699 3678 786 3761 super
800 3681 904 3740 nivem
918 3678 1060 3760 gelidam,
1076 3675 1158 3760 quast
1172 3677 1258 3759 super
1268 3677 1368 3742 lanam

345 3767 550 3846 deambulant,
565 3767 714 3847 &panem
732 3766 816 3828 suum
836 3768 979 3849 quotidie
994 3765 1074 3849 quasi
1097 3786 1245 3848 pauperes
1265 3787 1370 3829 emen-

345 3855 469 3918 dicant?
486 3854 585 3942 Quid,
595 3855 731 3937 inquam,
746 3855 846 3917 dicam
862 3853 898 3916 de
919 3853 1052 3917 talibus?
1067 3854 1096 3916 Si
1112 3876 1175 3916 non
1190 3855 1282 3916 etiam
1296 3877 1369 3917 cum

345 3945 402 4024 his,
415 3944 463 4007 vel
478 3943 565 4026 supra
581 3944 648 4022 hos,
661 3943 714 4026 qui
730 3964 786 4024 pro
802 3942 941 4022 modicis,
954 3942 1003 4006 vel
1023 3943 1115 4004 nullis
1135 3941 1300 4022 laboribus,
1319 3941 1368 4006 sed

346 4047 463 4094 tantum
471 4032 600 4114 pecunia
608 4046 805 4114 peccatorum
816 4030 1166 4113 suorumindulgentiam
1175 4046 1371 4112 acceperunt,

346 4120 510 4183 secundum
525 4120 610 4182 suum
625 4117 761 4181 laborem
776 4118 1009 4182 retributionem
1023 4119 1132 4202 premij
1148 4117 1316 4181 sortientur.

812 4295 851 4349 N⁰
868 4313 909 4361 13.

479 4425 528 4488 De
541 4448 621 4488 cruce
635 4424 740 4506 Christi
751 4428 785 4488 [θ’
798 4424 940 4488 latronum
954 4425 1074 4488 aumris
1088 4423 1243 4487 admonitio.

389 4591 534 4672 Noveris,
548 4591 646 4654 ledlor
659 4591 837 4671 chariffime,
851 4592 934 4674 quod
947 4590 1084 4656 Christus
1098 4591 1372 4674 portavitcrucem,

351 4681 484 4764 portavit
498 4680 585 4758 latro,
598 4681 650 4763 qui
665 4680 803 4760 credidit,
818 4679 991 4763 portavit&
1007 4678 1068 4758 ille,
1082 4681 1133 4762 qui
1153 4701 1171 4741 a
1184 4679 1304 4743 finistris
1319 4702 1372 4762 pe·

258 4802 280 4849 p.
294 4797 338 4844 ιφ
351 4769 465 4854 pendit.
478 4767 536 4832 Sed
550 4768 598 4832 his
612 4767 728 4831 diverso
742 4767 802 4830 line
817 4768 993 4831 conclusum
1006 4767 1056 4832 est
1069 4767 1143 4830 Non
1158 4769 1257 4831 credis
1267 4767 1298 4831 dt
1311 4769 1372 4831 hoc
