4168 6502
473 888 568 1075 lio·
604 953 947 1078 fficardusdaS.
976 955 1188 1048 Germano.
1257 983 1342 1078 245
1454 1024 1458 1033 ,

326 1217 398 1280 fecit
412 1215 442 1280 δι
456 1237 473 1278 a
486 1215 654 1280 Sarracenis
676 1216 784 1280 incolis
810 1216 915 1296 deseri,
939 1217 1043 1298 paucis
1065 1215 1096 1278 in
1110 1235 1147 1278 ea
1166 1214 1344 1282 christicolis
1358 1238 1417 1288 1219

327 1305 559 1369 remanentibus.
583 1303 709 1368 Interim
731 1305 880 1368 christiani
902 1305 1055 1368 civitatem
1077 1302 1219 1368 Damiate
1240 1319 1345 1368 tenent

326 1392 523 1475 &poffident
537 1392 613 1456 &ab
625 1395 708 1455 omni
724 1392 863 1476 spurcitia
877 1413 1063 1475 paganorum
1079 1393 1258 1456 mundantes
1273 1414 1344 1455 ean-

327 1480 407 1558 dem,
426 1479 603 1542 construunt
616 1479 647 1541 in
662 1500 698 1540 ea
710 1476 849 1542 ecclesias
873 1481 909 1542 ad
924 1479 1045 1542 laudern
1059 1479 1229 1562 &gloriam
1243 1481 1344 1543 nomi-

326 1567 373 1630 nis
387 1564 452 1629 Iesu
467 1566 589 1630 Christi.
613 1565 760 1630 Soidanus
781 1588 855 1628 vero
877 1568 978 1629 animo
993 1566 1163 1650 viribusque
1177 1568 1344 1649 resumptis,

326 1654 503 1718 christianos
526 1677 588 1718 non
613 1652 703 1717 cellar
724 1655 870 1737 usquead
891 1675 1013 1738 aggeres
1031 1656 1143 1718 cotidie
1158 1657 1344 1738 impugnare,

326 1743 432 1807 nostris
447 1743 590 1806 tamense
605 1743 732 1806 viriliter
745 1744 899 1806 tuentibus
913 1743 942 1805 δι
957 1745 1128 1807 tenentibus
1141 1760 1248 1807 contra
1264 1744 1342 1807 illos

238 1859 258 1904 t·
271 1855 312 1904 341
366 1830 438 1894 Hoc
458 1853 538 1894 anno
552 1829 691 1894 vicesima
711 1853 728 1893 a
742 1831 873 1914 personis
887 1828 1101 1912 ecclesnsticis,
1123 1855 1141 1895 a
1162 1833 1255 1918 laycis
1269 1854 1342 1896 vero
1357 1853 1414 1889 1221

327 1920 445 1982 decima
469 1939 523 2003 pro
543 1919 669 1982 subsidio
683 1919 784 1982 Terre
798 1918 906 1983 San&
927 1940 980 2003 per
1003 1937 1102 1982 totum
1115 1942 1242 2003 regnum
1256 1921 1344 1984 colli-

325 2006 417 2088 gitur,
436 2007 534 2090 &per
548 2008 743 2074 Gualterium
765 2008 802 2070 de
817 2005 951 2071 Palearia
966 2011 1049 2090 regni
1068 2009 1294 2088 cancellarium,
1314 2009 1343 2072 u

326 2113 380 2175 per
393 2093 562 2158 Henricum
576 2098 614 2158 de
632 2095 733 2160 Malta
746 2097 902 2176 comitem,
925 2097 1033 2158 marini
1048 2095 1124 2180 stolij
1141 2099 1344 2176 ammiratum,

325 2183 419 2266 ipsam
445 2181 621 2246 Damiatam
646 2183 827 2262 transmittit,
851 2183 923 2246 licet
946 2200 1018 2247 tunc
1043 2185 1186 2265 temporis
1210 2181 1344 2246 ammilsa

325 2271 416 2333 fuerit
426 2270 524 2354 culpis
539 2273 729 2354 exigentibus
740 2270 892 2334 Damiata
908 2270 1132 2353 Propter.quod
1146 2270 1208 2353 ipse
1222 2270 1343 2333 cancel·

325 2359 415 2422 larius
438 2360 516 2422 iram
539 2360 729 2442 imperatoris
753 2377 902 2439 metuens,
930 2361 958 2423 se
983 2359 1127 2423 Venetias
1151 2358 1344 2437 contuliu&

325 2445 424 2510 didius
438 2468 542 2510 comes
560 2447 639 2510 redit
651 2449 684 2509 in
697 2467 833 2530 regnum,
857 2449 909 2530 qui
925 2449 962 2509 ab
977 2446 1159 2529 imperatore
1172 2461 1278 2528 captus
1293 2446 1344 2526 est,

325 2533 355 2596 δι
370 2551 479 2596 terram
493 2555 584 2617 quam
600 2535 730 2614 tenebat,
744 2536 882 2614 ammisit,
895 2555 947 2598 rex
960 2557 1043 2614 vero,
1058 2534 1228 2617 patriarcha
1237 2531 1345 2597 lhero-

325 2621 520 2702 solimitanus,
541 2620 721 2686 Albanensrs
735 2625 905 2706 episcopus,
919 2623 948 2686 la
961 2624 1121 2705 ceterirqui
1136 2623 1167 2685 in
1183 2622 1263 2685 bello
1278 2623 1344 2684 fue-

324 2723 391 2771 rant
403 2708 564 2788 christiani,
588 2709 639 2772 sub
654 2710 756 2773 securo
771 2709 885 2772 soldani
899 2709 1052 2772 condutta
1067 2709 1103 2771 ad
1119 2710 1344 2772 Acconitanam

326 2797 453 2861 redeunt
467 2797 631 2860 civitatem.

327 2971 485 3060 Dirosatis
494 2971 641 3055 porcuffus
655 2972 784 3053 vulnero,
892 2970 998 3054 Christi
1010 2971 1096 3034 vuitus
1109 2971 1180 3034 iacet
1190 2971 1344 3045 exercitus,-

353 3059 431 3120 Diro
443 3079 523 3140 cogor
529 3057 658 3144 singultu
671 3061 747 3123 lucra
897 3059 976 3122 Unde
980 3060 1082 3141 pudor,
1092 3060 1167 3122 dolor
1176 3061 1210 3122 Εἴ
1213 3060 1330 3141 gemitus
1336 3059 1352 3123 !

358 3145 628 3226 Veb,lamontum&
637 3171 748 3211 carmen
760 3150 804 3211 di·
865 3149 942 3233 ,Quis
967 3169 1019 3209 non
1042 3161 1129 3210 meret
1151 3147 1197 3209 hoc
1220 3147 1348 3298 inform}

746 3261 805 3300 carc
1249 3257 1325 3296 mum

353 3321 457 3402 Noslrc
466 3323 555 3406 ganta's
572 3325 604 3386 do
617 3347 652 3387 ca
666 3347 684 3385 u
697 3237 806 3413 maiora,
893 3323 999 3386 Lubias
1009 3344 1061 3384 ora
1070 3321 1200 3408 conclusit
1208 3235 1326 3385 coriarium
1332 3353 1345 3394 ‚-

326 3409 514 3495 Questgnata
527 3325 766 3496 trucisAnaculo
892 3411 1346 3494 Roma‚caput&matarurbium‚

353 3496 452 3562 Crucis
466 3498 533 3579 hosti
545 3501 615 3561 cedit
626 3497 772 3583 allophilo‚·
894 3499 984 3562 Omne
997 3499 1046 3562 tibi
1057 3499 1156 3581 defecit
1164 3499 1311 3580 gaudium.

352 3585 419 3647 Non
423 3585 465 3669 fit
469 3600 566 3668 pugna
577 3588 636 3674 ansa
644 3587 696 3648 vel
699 3588 805 3666 baculo,
867 3587 926 3652 Per
940 3601 964 3648 to
978 3587 1056 3649 venit
1067 3586 1112 3648 hac
1126 3586 1279 3666 tribulatio,

352 3675 398 3736 Set
405 3688 544 3757 premente
552 3675 647 3757 famis
659 3675 805 3757 periculo,·
893 3675 1004 3738 Mundi
1027 3675 1125 3756 plorat
1152 3697 1235 3755 quam
1263 3676 1346 3738 omnis

325 3761 462 3849 Quantus
483 3763 570 3843 dolor,
592 3777 699 3845 quanta
722 3769 770 3826 cul
788 3800 804 3813 -
1242 3763 1346 3845 [rtatim-

703 3853 805 3936 [mitas,
892 3850 1050 3932 Christiane
1063 3852 1132 3913 cedis
1146 3850 1247 3936 accuſso

353 3939 382 4002 O
394 3939 451 4022 quis
458 3941 561 4024 pudor,
570 3940 660 4022 qualis
670 3941 804 4020 anxietas,
895 3937 940 4002 Tu
945 3939 1002 4022 sui
1024 3938 1102 4024 i,·sts
1115 3939 1273 4002 relevatio!

351 4025 440 4109 ,Quod
443 4027 593 4116 succubuit
609 4026 804 4112 christianitas,
867 4028 901 4089 In
915 4027 1142 4110 roformafac'ta
1156 4028 1261 4109 concilij

353 4113 497 4199 inpiorum
507 4116 614 4197 gaudet
624 4117 747 4199 inpietas.
892 4117 1017 4204 Causam
1031 4116 1106 4177 dedit
1116 4115 1197 4178 huius
1209 4115 1292 4197 exilp.

327 4203 389 4294 lesu
404 4206 478 4283 bona,
485 4202 517 4289 st
519 4204 576 4286 fas
589 4205 624 4287 fi
635 4206 734 4284 dicero,
891 4203 972 4286 Agar
985 4205 1059 4266 nobis
1071 4203 1206 4290 insultant
1210 4203 1280 4287 filp',

352 4290 461 4376 Curſsc
471 4291 581 4376 placuit
592 4313 638 4355 nos
651 4294 776 4367 deicera,·
896 4289 953 4353 Tui
957 4291 1100 4380 spernunt
1112 4291 1188 4353 vires
1202 4292 1311 4374 auxilp'.

353 4379 440 4442 Mori
445 4379 518 4442 malo
524 4403 606 4462 quam
612 4382 689 4444 ultra
695 4383 804 4464 vivere,
866 4380 1019 4457 Damiata,
1034 4403 1083 4462 qua
1096 4392 1135 4440 tot
1144 4379 1286 4442 laboribus

356 4467 439 4532 Vinci
444 4469 540 4531 videas
548 4470 669 4532 debentes
676 4472 786 4535 vincere
796 4474 812 4536 ,l
896 4467 949 4529 ‘l'ot
960 4464 1054 4552 ffusts
1068 4480 1157 4550 empta
1171 4468 1325 4545 cruoribus,
1435 4513 1442 4529 .

325 4556 400 4640 ¹Quis
412 4557 441 4619 in
456 4571 531 4619 tanto
543 4557 633 4619 dolare
643 4557 755 4644 posttus,
892 4555 1056 4636 Christianis
1070 4555 1132 4616 olim
1143 4555 1321 4638 principibus,

353 4645 402 4708 Sui
413 4648 483 4709 diam
497 4667 548 4707 non
562 4659 631 4730 optet
643 4647 748 4712 obitus?
892 4643 1029 4728 Paruisti,
1039 4664 1110 4703 nunc
1118 4657 1205 4726 paras
1214 4643 1352 4726 hostibus!
