4336 6572
566 942 639 1068 69.
673 939 864 1044 odudlor.
894 939 1055 1038 Mortui
1086 939 1230 1039 Maris.
1355 974 1407 1068 9¹

387 1203 587 1272 Francorum.
608 1204 680 1284 Hic,
696 1204 807 1274 habitis
827 1202 978 1282 conciliis,
991 1205 1087 1266 multa
1106 1217 1215 1276 contra
1235 1202 1414 1287 dignitatern

388 1290 851 1376 prelatorunszconsuetudines
858 1291 1035 1374 capitalium
1044 1287 1239 1357 ecclesiarum
1246 1293 1416 1356 attentavit.

387 1379 533 1449 Tandem
555 1381 635 1464 apud
654 1379 805 1449 Bituricus
823 1401 895 1445 curn
919 1378 948 1442 se
965 1376 1111 1442 sensissent
1134 1381 1259 1461 gravari,
1278 1380 1417 1462 interpo-

388 1469 510 1533 suerunt
520 1467 804 1552 appellationem,&
815 1464 854 1530 src
865 1466 973 1530 statuta
983 1488 1054 1530 curn
1064 1466 1198 1530 concilio
1207 1467 1290 1551 quod
1304 1467 1418 1533 ibidem

387 1557 539 1620 celebrare
550 1558 753 1633 ordinaverat,
763 1555 963 1619 irritaverune
975 1554 1072 1618 Multi
1085 1554 1179 1618 etiarn
1190 1556 1252 1639 alij,
1262 1577 1279 1618 a
1290 1554 1417 1618 domino

389 1643 471 1728 Papa
483 1644 520 1707 ed
535 1644 608 1708 alias
622 1645 759 1707 nationes
773 1643 848 1707 miffi
864 1644 899 1704 ad
916 1643 1133 1726 predicandum
1148 1664 1204 1725 pro
1220 1643 1417 1706 subventione

387 1731 486 1795 Terre
507 1731 626 1811 Sensie,
646 1731 759 1799 multos
782 1731 881 1798 saneto
904 1732 1003 1806 crucis
1030 1731 1205 1798 charactere
1231 1731 1418 1812 munierunt,

388 1822 467 1883 inter
476 1841 554 1904 quos
569 1835 655 1883 erant
667 1822 803 1904 precipui
815 1842 867 1882 rex
882 1819 1050 1901 Hungarie,
1061 1819 1122 1881 dux
1133 1816 1228 1898 lstrie,
1236 1817 1417 1884 Willelmus

388 1907 564 1988 Hollandie
578 1908 741 1974 Albericus
756 1908 855 1991 presul
870 1903 1038 1986 Remensrs,
1048 1906 1207 1971 Walterus
1220 1907 1363 1971 dominus
1376 1909 1415 1970 de

388 1997 537 2061 Avennis.

428 2128 503 2146 .....
525 2084 575 2146 Ad
597 2084 657 2147 huc
683 2083 737 2149 illo
766 2104 847 2146 anno
872 2099 1010 2147 currente
1038 2080 1231 2162 MCCXIV,
1257 2084 1288 2144 in
1318 2082 1418 2164 capite

388 2172 503 2256 ieiunij‚
518 2170 548 2232 iv
566 2191 662 2236 nonas
678 2172 787 2255 martij,
798 2167 950 2236 Iohannes
964 2192 1016 2234 rex
1033 2171 1146 2255 Anglie
1157 2169 1333 2252 exemplum
1349 2191 1418 2252 pre·
1430 2175 1525 2236 Marte

388 2256 576 2324 decessorum
591 2258 710 2321 suorum
722 2281 840 2342 regum,
852 2259 979 2322 Henrici
990 2259 1103 2322 scilicet
1115 2259 1206 2342 patris
1223 2259 1252 2321 dt
1271 2256 1416 2320 Richardi

388 2348 487 2414 nattis
498 2346 626 2426 secutus,
640 2347 830 2429 professurus
845 2349 876 2408 in
888 2346 1047 2410 subsrdium
1061 2347 1162 2409 Terre
1173 2346 1281 2409 Sansie
1292 2366 1417 2407 crucem

388 2435 514 2518 accepit.
529 2433 586 2498 Sed
603 2457 664 2498 non
680 2434 766 2498 licuit
780 2435 832 2496 diu
851 2450 913 2498 tam
934 2435 1001 2499 utili
1025 2457 1132 2498 vacare
1154 2432 1325 2517 proposito:
1346 2452 1417 2501 nam

388 2543 461 2586 moer
472 2522 662 2606 postpascba,
674 2543 816 2606 proceres
827 2524 913 2606 regni
924 2523 965 2586 sui
975 2525 1005 2586 in
1015 2544 1087 2588 eum
1098 2519 1418 2605 insurgentesfavente
1429 2527 1496 2576 Μυτ-
1508 2542 1538 2590 ³0

388 2609 448 2674 illie
462 2631 554 2674 manu
568 2609 726 2688 mfficans,
738 2631 829 2693 grave
845 2609 1034 2693 dispendium
1049 2632 1144 2694 regno
1160 2625 1348 2693 pataverunt

427 2743 495 2763 .....
503 2697 683 2764 Fredericus
698 2697 829 2781 Apulus,
844 2699 1066 2782 Aquisgranum
1077 2716 1242 2777 revertens,
1253 2699 1335 2763 unde
1345 2717 1416 2760 curn
1432 2708 1488 2758 ¹2¹⁵

387 2787 537 2852 dedecore
560 2787 693 2848 necdum
720 2783 808 2849 finito
837 2807 917 2850 armo
945 2783 1112 2866 recesserat,
1139 2783 1200 2850 stne
1223 2786 1320 2852 multa
1341 2785 1418 2850 diffl-

386 2873 500 2939 cultate
512 2873 654 2954 castrum,
668 2875 802 2938 obtinuit
817 2875 869 2936 ubi
882 2875 934 2957 viij
950 2874 1011 2940 kal.
1025 2874 1140 2958 augusti
1159 2876 1191 2940 in
1209 2895 1313 2958 regem
1335 2872 1419 2940 Ger·
1430 2879 1474 2929 1³¹·
1484 2893 1512 2944 ²⁵

389 2983 551 3026 martorum
564 2962 750 3041 sublimatus,
764 2983 837 3026 mox
855 2964 893 3026 de
907 2964 1026 3027 honore
1048 2980 1194 3047 percepto
1217 2961 1290 3028 Deo
1329 2963 1419 3030 retias

389 3051 516 3130 solvens,
531 3072 588 3134 pro
599 3049 795 3115 subventione
809 3050 908 3114 Terre
922 3050 1031 3116 Sandis
1046 3049 1164 3134 signum
1177 3052 1277 3118 crucis
1288 2985 1420 3133 alump-

389 3135 434 3218 fit,
446 3159 519 3202 cum
533 3137 600 3202 eliis
612 3138 812 3221 professurus.

472 3437 531 3537 69.
561 3443 742 3512 esul‘snrium
768 3441 902 3511 Mortui
930 3443 1047 3512 Maris
1077 3445 1118 3510 ad
1142 3443 1330 3538 sigebertum

685 3573 926 3665 Gemdlucensent
951 3585 963 3650 i
976 3611 1008 3624 ·-
1021 3585 1109 3650 1²34>-

741 3787 819 3858 [nn.
834 3789 927 3856 cm,
938 3791 991 3857 ss,
1005 3789 1063 3861 vr]

894 3931 913 3974 dt

429 4137 529 4156 .....
550 4091 685 4176 Legatos
699 4093 869 4174 Romanus,
884 4095 988 4162 Gallie
1003 4095 1079 4160 fines
1094 4095 1249 4180 ingressus,
1263 4097 1417 4181 copiosam
1433 4126 1495 4174 1214

390 4180 618 4244 multitudinem
632 4181 664 4244 in
676 4181 812 4246 crucifixi
825 4188 951 4247 nomine
965 4205 1057 4247 cruce
1077 4185 1216 4268 signavit3
1230 4188 1316 4250 cuius
1338 4186 1418 4249 mul-

391 4267 528 4333 titudiuis
543 4289 706 4332 numerum
721 4268 812 4371 solius
827 4271 1026 4376 Dei'scientia·
1040 4272 1166 4356 colligit.
1290 4363 1296 4375 .
1381 4361 1387 4374 ι

298 4424 320 4470 ν·
331 4406 377 4467 .
391 4402 483 4524 ..z
496 4357 701 4510 ..tntu
716 4359 1418 4532 nvreniterentur:

391 4531 492 4596 serunt
514 4535 597 4598 enim
621 4534 778 4600 Sarraceni
803 4537 1035 4600 christianorum
1061 4539 1228 4600 exercitum
1252 4559 1324 4600 curn
1347 4558 1417 4622 rege
1433 4575 1491 4611 rare

390 4617 556 4703 ceterisque
566 4621 721 4690 nobilibus
732 4625 908 4705 christianis,
922 4625 953 4688 δι
963 4647 1026 4688 non
1038 4626 1163 4689 invento
1174 4627 1257 4690 aditu
1269 4625 1417 4690 evadendi

392 4703 464 4790 elo,
476 4705 654 4778 Danieun
670 4729 725 4793 pro
739 4710 789 4776 sua
800 4710 980 4778 liberatione
994 4712 1145 4778 christiani
1158 4713 1306 4778 dederunt
1316 4713 1417 4779 Sarra-

298 4146 377 4208 Μῦν
