4362 6560
511 945 584 1071 98.
619 939 879 1034 Barchordus
905 934 1191 1064 Biberocenfis.
1278 961 1356 1054 155

347 1202 827 1292 Dmyatecomprehensschris-

345 1297 434 1360 tianis
448 1294 478 1358 &
493 1317 549 1377 pro
563 1313 634 1357 vera
652 1313 742 1356 cruce
757 1293 826 1357 red-

346 1382 612 1447 ditaestDamiata
619 1382 751 1465 paganis.
762 1380 827 1443 Eo-

346 1474 418 1536 dem
428 1493 502 1535 vero
516 1487 655 1553 tempore
670 1470 764 1552 pirate
775 1491 829 1552 pa·

346 1581 497 1645 ganorum
516 1555 742 1622 combusserunt
760 1559 828 1641 igne

347 1646 570 1731 inextinguibili
585 1663 644 1729 700
653 1661 716 1709 tam
735 1645 830 1708 sacer·

348 1738 436 1799 dotes
449 1757 541 1820 quam
555 1734 631 1799 alios
653 1734 782 1798 clericos
797 1735 827 1796 in

349 1826 491 1887 unanavi
508 1823 539 1886 in
554 1823 689 1886 flumine.
710 1821 746 1884 ln
768 1821 828 1884 fine

348 1911 480 1976 eiusdem
495 1913 565 1974 anni
581 1909 744 1975 Udalricus
760 1907 830 1972 Pat-

349 1999 486 2064 taviensrs
500 1999 658 2083 episcopus
672 1999 829 2062 redeundo

350 2112 368 2152 a
381 2089 482 2152 Terra
495 2087 595 2154 sanas
608 2088 695 2151 obiit.

458 2364 516 2459 98.
542 2362 799 2434 Buscunnnus
823 2360 1089 2430 Brssnncsusrs
1115 2369 1156 2437 (ψ
1171 2369 1263 2437 ωε),

773 2546 954 2615 Chronicon.

633 2729 728 2800 [Perta
740 2729 808 2783 Man.
822 2729 915 2792 Gema,
927 2729 980 2792 SS.‚
995 2725 1101 2792 xxm]

261 3051 340 3115 9430
396 3023 480 3086 1218.
500 3019 628 3086 Interim
646 3021 818 3106 Templarij
841 3021 871 3083 δι
892 3020 1086 3107 Hospitalarij
1108 3023 1378 3103 Hierosolimitani,
1392 3041 1450 3089 ms

354 3111 503 3174 adiundtis
518 3107 571 3174 srbi
585 3109 761 3194 quibusdam
783 3110 971 3192 principibus
995 3110 1178 3176 Alamannie
1206 3111 1236 3176 dc
1261 3111 1377 3195 populo

353 3199 524 3277 christiano,
538 3213 667 3283 pergunt
676 3198 799 3282 navigio
814 3199 850 3260 ad
865 3198 1044 3280 capiendam
1059 3201 1212 3283 quandam
1222 3201 1377 3264 civitatem

354 3287 584 3367 Saracenorum,
597 3288 722 3350 nomine
736 3285 924 3366 Damiatam,
938 3302 973 3349 ut
985 3309 1054 3350 eam
1073 3288 1253 3371 poffiderent
1277 3289 1308 3351 in
1330 3311 1379 3352 re-

354 3374 633 3459 compensationem
644 3375 776 3437 civitatis
790 3373 1059 3438 Hierosolimitane
1074 3375 1215 3439 &Terre
1231 3377 1338 3442 sardic.

394 3461 465 3526 Fuit
479 3478 581 3526 autem
595 3463 702 3526 civitas
717 3461 769 3524 illa
782 3459 835 3524 lita
849 3462 936 3545 super
952 3484 1046 3525 unum
1061 3464 1219 3528 brachium
1233 3464 1301 3528 Nili
1322 3465 1379 3528 flu·

353 3551 445 3616 minis
458 3549 559 3613 versus
573 3548 818 3633 septentrionem,
831 3550 940 3613 distans
952 3551 989 3612 ab
1001 3550 1189 3614 Alexandria
1200 3551 1300 3616 versus
1314 3553 1380 3636 sep-

355 3639 540 3702 tentrionem
556 3660 610 3721 per
624 3638 673 3702 sex
689 3639 794 3702 dietas.
805 3637 847 3701 Et
861 3655 923 3702 erat
937 3640 1030 3703 muris
1045 3639 1075 3702 δι
1096 3636 1151 3702 situ
1166 3639 1226 3703 loci
1242 3641 1381 3704 munitis-

355 3725 437 3806 sima,
460 3727 512 3788 uhi
527 3742 650 3808 portum
664 3727 777 3789 habent
801 3727 955 3790 Sarraceni
966 3729 998 3790 in
1012 3728 1087 3790 mari
1103 3749 1224 3812 magno.
1253 3728 1379 3794 Merces

355 3817 470 3900 quippe
493 3815 531 3876 de
552 3815 627 3877 mari
657 3814 765 3878 Rubro
791 3816 947 3878 venientes
966 3815 1004 3878 ab
1028 3814 1126 3896 india,
1146 3841 1184 3881 ex
1213 3814 1332 3882 Perfide
1350 3818 1381 3881 δι

355 3904 469 3966 Arabia
483 3902 555 3966 illuc
574 3903 827 3986 deportantes&
847 3903 1065 3968 nichilominus
1081 3928 1119 3969 ex
1143 3906 1269 3992 Egipto.
1287 3905 1380 3971 Nilus

355 3994 470 4076 quippe
483 3991 593 4055 fluvius
608 3991 639 4053 in
653 3990 799 4073 superiori
814 3989 929 4075 Egipto
944 3993 975 4055 in
995 3994 1057 4054 duo
1082 3994 1205 4056 brachia
1226 3993 1381 4073 dividitur,

355 4081 397 4143 ita
411 4095 445 4142 ut
458 4095 570 4144 terram
583 4079 735 4142 inferioris
757 4079 862 4164 Egipti
888 4079 1073 4144 disterminet
1095 4083 1126 4144 in
1148 4081 1276 4166 figuram
1299 4083 1381 4165 quasi

356 4167 547 4252 triangulam,
568 4171 598 4232 in
618 4192 678 4252 qua
692 4168 796 4248 Delta,
813 4171 888 4232 dicit
910 4167 1050 4248 Orosius,
1071 4171 1222 4234 contineri
1242 4171 1380 4234 civitates

355 4253 480 4320 famosas
494 4273 618 4321 centum
632 4259 861 4341 quinquaginta.
876 4257 1051 4341 Utrumque
1071 4279 1144 4322 vero
1167 4255 1292 4320 istorum
1312 4257 1381 4320 bra·

355 4343 494 4408 chiorum
509 4347 590 4409 cadit
604 4347 634 4410 in
660 4366 743 4408 mare
764 4366 920 4429 magnum,
941 4366 1037 4408 unum
1058 4346 1138 4428 apud
1162 4345 1380 4410 Alexandriam

356 4433 453 4498 versus
467 4433 601 4514 Lihiam,
614 4433 744 4498 alterum
757 4434 837 4516 apud
861 4433 1038 4498 Damiatam
1057 4434 1157 4498 versus
1182 4434 1329 4498 Arabiam
1352 4435 1382 4498 δι

356 4519 516 4586 idumeam
529 4523 560 4587 dt
571 4522 761 4587 Palestinam.

397 4603 541 4696 Cumque
552 4610 686 4676 advestis
699 4611 826 4676 navibus
841 4613 974 4694 populus
995 4611 1173 4676 christianus
1195 4611 1381 4675 convenisset

357 4699 442 4780 illuc,
461 4720 525 4762 non
546 4714 686 4786 poterant
699 4701 809 4763 intrare
825 4717 958 4784 portum,
971 4721 1029 4763 nec
1043 4699 1197 4783 applicare
1208 4700 1245 4763 ad
1262 4715 1382 4780 terram,

1156 4808 1176 4842 ι
