4336 6572
712 999 772 1113 48
895 997 1138 1129 ‘sestimonio
1161 999 1202 1090 in
1225 994 1374 1128 Belgio
1383 995 1564 1126 scripto.

713 1282 770 1334 quse
783 1265 839 1318 satis
851 1275 1001 1336 appareant3
1019 1263 1148 1335 permultis
1164 1263 1258 1335 clypeis
1275 1274 1314 1316 tot
1330 1262 1477 1334 principum,
1497 1273 1537 1316 tot
1553 1262 1737 1333 impavidorum

713 1344 817 1398 heroum
837 1344 905 1397 clara
923 1361 988 1397 voce
1006 1343 1174 1414 proferuntur,
1197 1342 1316 1411 &armis
1337 1361 1395 1412 qnae
1411 1354 1510 1412 gerunt,
1530 1343 1598 1412 quast
1619 1343 1737 1397 sexcentis

712 1423 804 1492 linguis
817 1422 992 1494 pronuntiatur
1010 1422 1100 1492 gloria,
1121 1441 1197 1492 quam
1214 1422 1337 1492 affequuti
1354 1423 1409 1475 sunt
1427 1422 1452 1474 in
1474 1423 1671 1491 expeditionibus
1684 1423 1738 1490 illia,

713 1501 833 1555 honorem
856 1501 1006 1555 familiarum
1029 1519 1160 1555 coronans.
1182 1504 1250 1554 Ecce
1271 1519 1333 1571 gens
1357 1501 1480 1566 Moliaert,
1500 1502 1582 1572 capuli
1603 1515 1653 1556 tres
1663 1503 1739 1557 Vestri

714 1581 834 1635 testantur
845 1599 965 1634 manuum
985 1582 1119 1636 vestrarum
1138 1582 1225 1634 roburl
1239 1584 1274 1635 Et
1296 1581 1351 1646 Tu,
1371 1582 1415 1651 qui
1435 1598 1538 1633 manum
1551 1582 1663 1635 extendis
1673 1583 1739 1636 coelo

714 1662 880 1731 tempestuoso
890 1662 923 1713 ad
934 1661 1031 1713 cascam
1041 1660 1125 1712 militis
1136 1660 1333 1729 percutiendam,
1343 1658 1543 1711 Hellembreker!
1553 1659 1739 1714 Testimonium

713 1740 767 1793 Tui
778 1758 808 1793 ac
824 1740 898 1793 nollri
910 1740 1011 1792 honoris
1024 1739 1118 1810 profert
1130 1739 1243 1808 bipennis
1256 1756 1331 1791 manu
1345 1739 1453 1804 vibrata,
1472 1741 1646 1793 oVerroeren!
1660 1741 1739 1795 Clara

713 1820 806 1890 gravis,
823 1820 975 1882 oKodeno‚
991 1819 1070 1884 navis,
1092 1835 1143 1888 qua
1164 1818 1263 1872 vehitur
1284 1835 1355 1880 avus,
1374 1835 1390 1869 ο
1410 1819 1556 1887 rtogmans,
1575 1820 1647 1872 colus
1666 1821 1738 1886 Tua,

713 1916 731 1952 ο
743 1917 806 1969 gens
818 1900 939 1969 Knapen‚
955 1899 1050 1969 semper
1063 1897 1149 1950 laudes
1169 1897 1367 1950 Harlemensrum
1379 1896 1513 1966 proferent.
1528 1898 1633 1966 Sagittae
1645 1899 1740 1964 vestre,

715 1979 797 2044 stella,
806 1978 888 2048 gentis
900 1977 972 2042 Hau,
984 1979 1119 2030 verborum
1129 1979 1272 2030 meorum&
1282 1975 1421 2029 facinorum
1432 1993 1581 2046 magnorum
1589 1978 1740 2031 testimonias

714 2059 782 2111 Tres
803 2074 876 2110 arcus
894 2057 970 2110 iunlii
987 2057 1069 2127 gentis
1082 2055 1195 2109 Wifl'enz
1212 2058 1237 2109 lt
1250 2058 1326 2109 Beets
1339 2067 1447 2108 veterem
1460 2056 1567 2125 gloriam
1579 2057 1742 2127 pronuntiant

714 2154 762 2190 nec
776 2136 858 2188 minus
871 2137 910 2189 leo
918 2137 990 2189 albus
1000 2137 1027 2190 in
1037 2154 1095 2188 area
1105 2135 1213 2190 caeruleo
1223 2135 1303 2206 pilius
1315 2135 1397 2205 gentis
1408 2138 1475 2200 Lon,
1490 2146 1580 2204 praeter
1589 2147 1673 2189 cetera
1681 2136 1743 2188 alio-

715 2233 769 2268 rum
779 2216 883 2269 heroum
894 2232 972 2268 arma.
988 2216 1064 2268 Cives
1074 2215 1150 2284 igitur
1161 2215 1245 2268 decuit
1263 2215 1301 2266 his
1312 2213 1455 2268 testimoniis
1468 2213 1596 2280 oblefiari,
1608 2233 1666 2284 qua
1677 2215 1743 2267 anti·

715 2295 799 2366 quitus
819 2295 904 2364 adepti
927 2309 1008 2359 erant,
1030 2313 1109 2364 eaque
1130 2294 1233 2348 solemni
1245 2312 1348 2364 pompa,
1368 2295 1448 2363 prima
1467 2293 1568 2346 annidie
1585 2294 1700 2347 ducenda
1716 2294 1742 2346 in

715 2375 865 2428 memoriam
889 2392 1015 2440 revocare,
1038 2375 1082 2428 ubi
1109 2375 1195 2427 militia
1223 2375 1304 2428 nostra
1326 2374 1400 2426 armis
1424 2374 1654 2427 &decursionibus
1675 2391 1744 2428 exer-

716 2465 794 2518 cetur,
818 2453 915 2507 citibus
942 2453 1030 2506 nostris
1055 2453 1169 2506 ducibus.
1192 2455 1308 2506 Decebat
1324 2453 1401 2523 igitur
1426 2454 1611 2507 consecratione
1632 2453 1742 2523 quadam

716 2533 817 2603 publica
840 2534 989 2587 memoriam
1011 2549 1042 2585 ac
1065 2533 1263 2585 recordationem
1288 2533 1395 2586 firmare.
1422 2535 1532 2586 Ocives
1557 2532 1743 2597 Harlemenses,

716 2630 747 2664 ne
760 2611 824 2665 hanc
845 2611 1023 2666 caeremoniam
1047 2630 1157 2681 unquam
1182 2611 1313 2676 aboleatis,
1340 2630 1356 2664 o
1378 2613 1473 2665 nobiles
1496 2612 1597 2666 Batavi!
1614 2614 1742 2665 Coronate
1755 2621 1835 2673 p0154

716 2691 810 2745 frontes
828 2691 917 2744 hilares
936 2708 1031 2744 corona
1047 2692 1170 2744 laureatal
1191 2693 1221 2744 10
1238 2692 1373 2761 triumphe!
1387 2695 1416 2745 10
1429 2693 1549 2746 Vifloria!
1565 2695 1601 2745 Et
1613 2693 1669 2757 Tn,
1683 2689 1743 2744 civi·

717 2781 756 2823 tas
769 2788 824 2823 mea
837 2770 927 2840 patria,
945 2770 1023 2840 sigillo
1036 2771 1171 2824 inviolabili
1184 2771 1330 2824 memoriam
1349 2771 1488 2825 facinorum
1503 2773 1622 2826 Tuorum
1637 2787 1744 2840 mugno-

717 2867 773 2903 rum
785 2860 864 2918 tuere,
878 2868 956 2920 quum
969 2851 1098 2903 thesaurus
1112 2852 1187 2904 Tuus
1202 2852 1231 2903 srt
1242 2851 1432 2908 honestissimus!

908 2987 1021 3051 Versus
1035 3009 1120 3051 arma
1134 2989 1217 3052 urbis
1231 2989 1361 3051 Harlem
1375 2987 1565 3053 illustrantes.

754 3131 780 3184 si
790 3131 845 3201 quis
858 3130 962 3183 domum
976 3130 1044 3182 suam
1057 3130 1132 3182 armis
1145 3132 1214 3184 urbit
1224 3132 1313 3186 nostrae
1326 3148 1416 3184 ornare
1428 3133 1492 3198 vult,
1504 3131 1642 3184 subscribat
1654 3131 1746 3196 vmfur,

718 3211 811 3282 quibus
825 3211 911 3262 laudes
925 3209 1013 3262 harum
1027 3227 1108 3262 rerum
1122 3212 1186 3263 bene
1200 3212 1328 3280 gelianum
1341 3213 1366 3264 δι
1377 3212 1483 3264 honores
1498 3211 1566 3263 urbis
1580 3210 1747 3276 celebrantur,

719 3291 762 3362 qui
774 3301 895 3360 apparent
908 3307 938 3342 ex
950 3289 1040 3342 armis:
1055 3289 1110 3342 Vim
1120 3290 1187 3342 vicit
1195 3290 1289 3344 virtus.
1304 3291 1375 3342 Area
1387 3290 1522 3360 &gladius
1537 3290 1664 3353 testantur,
1677 3289 1747 3359 quod

719 3371 869 3424 Damiataa
889 3369 962 3421 nobis
981 3367 1095 3439 oppressa
1118 3369 1173 3435 fuit,
1196 3370 1280 3436 stella,
1301 3372 1370 3439 quod
1383 3388 1474 3422 nomen
1498 3370 1608 3422 nostrum
1629 3368 1661 3421 ad
1683 3369 1748 3421 astra

719 3449 813 3518 transit,
827 3451 851 3502 ic
864 3466 935 3515 crux,
948 3449 1043 3518 quade
1057 3465 1083 3502 re
1095 3450 1120 3501 ie
1132 3466 1207 3519 quem
1222 3451 1255 3502 ad
1268 3449 1344 3503 finem
1357 3467 1404 3503 nos
1416 3449 1599 3504 contendimus.

801 3584 916 3650 Versus
929 3606 1015 3649 arma
1028 3588 1203 3670 principum
1217 3587 1411 3670 quorundam
1425 3585 1670 3650 Harlemensrum

1150 3691 1322 3741 attinentes.

767 3801 836 3852 Ecce
848 3815 918 3852 anna
932 3799 1015 3870 gentis
1030 3800 1165 3866 Melicert,

799 3897 810 3927 r
878 3897 888 3926 r
966 3897 976 3928 r
1028 3880 1227 3948 nellembreken

798 3978 809 4006 a
877 3977 888 4006 t
965 3977 976 4006 t
1027 3963 1178 4026 Vervoeren,

877 4057 887 4085 ι
965 4057 976 4086 e
1027 4039 1149 4105 Rodien,

876 4136 887 4164 ⁸
965 4135 975 4164 t
1027 4119 1177 4186 Kogmacn,
1584 4171 1591 4184 ,
1657 4169 1665 4183 ·

875 4213 885 4242 ι
963 4214 974 4243 ι
1026 4197 1148 4267 mm,
1330 4187 1427 4242 quern
1440 4171 1750 4224 lrbrrsnonmuenruntur.

762 4601 810 4656 Hit
832 4601 858 4653 in
877 4599 959 4654 verbis
983 4601 1103 4654 faciendis
1123 4602 1196 4656 valde
1215 4601 1366 4668 sudavimus,
1381 4602 1422 4655 sed
1437 4611 1531 4655 veteres
1544 4599 1599 4652 libri
1611 4598 1755 4653 armoriales

726 4683 856 4746 testantur,
871 4680 939 4750 quod
954 4681 996 4734 illa
1008 4699 1071 4751 gens
1084 4693 1156 4735 vetus
1173 4683 1199 4735 in
1213 4683 1343 4736 obsidione
1355 4681 1500 4737 Damiatina
1513 4697 1634 4752 magnam
1649 4677 1755 4749 gloriam

727 4761 859 4832 affequuta
870 4759 961 4813 fuerat.
