4336 6572
442 1009 482 1100 6.
519 1009 641 1137 Gesta
664 995 856 1100 ahbatum
883 1007 982 1099 Orti
1003 1007 1044 1097 S.
1069 1003 1233 1098 Moriar.
1313 1039 1356 1097 ιι

343 1290 396 1351 pre
411 1269 519 1331 timore
535 1268 626 1332 nimis
640 1269 818 1350 deprecatus
832 1266 874 1330 est
884 1281 1003 1349 patrem
1014 1265 1040 1330 F
1041 1267 1236 1346 rethericum,
1251 1281 1284 1330 ut
1298 1287 1361 1330 non

343 1355 439 1419 solum
453 1377 470 1418 a
483 1355 621 1439 presenti,
633 1355 681 1417 sed
696 1357 788 1418 etiam
808 1378 825 1418 a
838 1370 936 1418 morte
957 1371 1103 1438 perpetua
1123 1377 1193 1418 eum
1212 1355 1361 1418 liberaret.

342 1443 368 1508 F
369 1444 452 1508 aeus
466 1443 589 1506 tandem
605 1444 642 1505 de
656 1445 759 1506 medio
779 1443 832 1505 diu
846 1444 940 1506 iacuit
952 1443 1100 1506 exanimis
1115 1444 1157 1506 ita
1169 1459 1204 1505 ut
1218 1441 1363 1525 dispositis

342 1531 430 1595 rebus
444 1553 531 1610 uxor,
552 1531 716 1594 secundum
731 1547 808 1592 terre
829 1551 946 1592 morem
961 1546 1057 1593 totam
1081 1529 1109 1592 se
1123 1532 1160 1592 ad
1176 1531 1240 1594 eius
1254 1551 1363 1613 prepa-

341 1634 421 1681 raret
433 1621 585 1702 exequias.
601 1618 688 1706 Quid
704 1617 815 1681 multa?
830 1615 914 1680 Inter
928 1617 1136 1701 plangentium
1150 1637 1268 1697 manus,
1282 1620 1363 1680 inter

340 1707 509 1767 amicorum
524 1708 639 1790 rugitus
655 1706 763 1768 revixit
777 1706 893 1768 iuvenis
908 1705 947 1784 dt,
962 1705 1100 1786 requisita
1114 1727 1219 1784 uxore,
1234 1704 1362 1767 sciscita-

339 1793 427 1856 batur
438 1793 475 1855 ab
485 1815 531 1874 ea,
545 1811 621 1877 quot
629 1793 753 1855 haberet
763 1792 897 1876 gallinas.
909 1791 966 1856 Illa
976 1814 1048 1855 vero
1059 1793 1194 1876 quinque
1212 1793 1240 1854 se
1252 1793 1362 1854 habere

340 1873 499 1962 respondit
513 1877 608 1944 Tunc
619 1881 684 1943 ille:
703 1907 715 1940 t
731 1883 759 1944 Si
771 1903 809 1944 .v.
824 1880 891 1944 sunt
904 1881 933 1944 dt
947 1900 1009 1942 non
1025 1881 1136 1963 plures,
1149 1882 1205 1942 hac
1220 1881 1287 1942 vice
1297 1901 1360 1942 non

340 1969 489 2031 «moriar.
508 1965 555 2031 Ita
575 1970 657 2032 enirn
671 1969 798 2032 edoetus
822 1983 937 2050 apatre
959 1967 985 2031 F
986 1970 1148 2047 setherico,
1172 1969 1224 2051 qui
1249 1987 1297 2028 me
1322 1968 1361 2029 de

340 2081 353 2114 ι
368 2056 506 2119 manibus
521 2057 704 2119 trahentium
718 2055 874 2139 eripuit&
889 2057 949 2119 vite
964 2056 1101 2135 restituit,
1117 2056 1221 2138 accepi
1236 2055 1360 2117 manda-

340 2169 353 2202 ι
369 2157 443 2222 tum,
460 2158 494 2205 ut
511 2165 567 2227 pro
579 2145 640 2207 vite
652 2165 719 2206 mee
731 2143 919 2207 restitutione
929 2146 965 2206 ad
984 2143 1176 2226 sepulchrum
1190 2144 1255 2205 eius
1273 2144 1362 2226 quin-

340 2256 353 2288 ‹
368 2250 426 2312 que
440 2229 566 2312 gallinas
580 2231 822 2311 transmitterem,
840 2232 879 2310 dt,
893 2232 966 2294 sicut
980 2231 1072 2294 ceteri
1089 2229 1249 2313 peregrini,
1270 2251 1361 2293 cruce

340 2344 353 2376 t
369 2317 504 2401 signaret.
519 2319 553 2381 N
554 2340 614 2381 unc
629 2341 703 2402 ergo
714 2321 873 2383 mittantur
886 2320 1008 2403 galline,
1022 2336 1056 2382 ut
1066 2333 1176 2399 cetera,
1191 2340 1251 2400 que
1267 2319 1360 2380 michi

339 2431 352 2464 ι
371 2405 533 2484 mandavit,
547 2406 668 2469 felicem
682 2407 813 2470 habeant
836 2405 1047 2490 processum.»
1074 2406 1143 2469 Hiis
1166 2407 1209 2468 ita
1223 2405 1361 2468 consum-

337 2494 434 2572 matis,
458 2493 547 2575 plene
569 2493 686 2556 sanatur
707 2495 824 2558 iuvenis
848 2495 878 2558 dv
901 2516 973 2557 cum
996 2495 1120 2577 reliquis
1145 2493 1361 2576 peregrinis&

336 2582 441 2644 amicis
455 2580 512 2644 suis
528 2577 704 2644 Damiatam
725 2581 932 2664 proficiscitur.
957 2575 1033 2644 Inde
1056 2581 1134 2644 redit
1155 2581 1241 2644 sanus
1263 2581 1293 2644 dt
1313 2582 1360 2644 in-

336 2667 475 2747 columis,
489 2668 634 2750 superstes
649 2669 748 2730 adhuc
763 2669 793 2732 dv
806 2691 938 2752 corpore
952 2669 1070 2732 validus
1105 2715 1359 2732 ......

378 2753 443 2841 Qui
459 2752 554 2818 Dodo
570 2777 627 2838 pro
644 2777 746 2818 amore
761 2779 795 2820 ac
809 2759 984 2819 reverencia
997 2754 1083 2819 Ihesu
1099 2749 1212 2820 Christi
1227 2750 1358 2820 Domini

335 2842 436 2921 nostri,
447 2859 583 2926 tempore
594 2845 814 2926 predicacionis
826 2845 954 2928 magistri
968 2845 1098 2928 Olyveri
1108 2843 1252 2907 scolastici
1261 2845 1359 2908 Colo·

334 2928 442 2994 niensis
456 2929 702 3080 crucesignatus,
717 2936 795 2995 trina
808 2935 876 2995 vice
891 2955 973 2995 mare
988 2932 1194 3015 pertransiens,
1208 2929 1358 3015 assumpto

334 3017 435 3079 secum
447 3015 510 3080 silio
526 3041 580 3101 pre
603 3019 662 3082 itte
676 3020 784 3084 sororis
797 3018 962 3100 Thilardo,
976 3021 1013 3082 ad
1030 3020 1172 3082 ultimum
1188 3023 1217 3082 in
1232 3021 1357 3084 nomine

334 3105 441 3168 Sandle
451 3103 615 3170 Trinitatis
627 3107 660 3168 ih
673 3107 780 3170 ultima
790 3108 839 3171 sua
851 3109 1100 3191 peregrinacione
1113 3122 1260 3186 mortuus,
1275 3107 1355 3172 felici

332 3192 393 3255 sine
412 3193 545 3256 transivit
567 3194 604 3256 ad
620 3194 802 3258 Dominum.
827 3196 936 3278 Nepos
958 3216 1029 3257 vero
1052 3195 1120 3259 suus
1140 3195 1281 3274 reversus,
1302 3197 1357 3259 ali-

333 3281 478 3364 quamdiu
491 3283 524 3343 in
539 3277 639 3344 seculo
655 3300 870 3362 commoratus,
895 3284 1018 3346 tandem
1032 3281 1145 3346 relislis
1168 3281 1257 3344 seculi
1272 3285 1354 3346 vahi-

332 3366 453 3448 tatibus,
466 3370 603 3456 habitum
614 3371 713 3434 sandie
729 3371 884 3456 religionis
895 3371 965 3434 susci
990 3374 1064 3450 iens,
1078 3372 1182 3434 locum
1196 3370 1245 3434 sue
1256 3370 1355 3455 sepul-

332 3472 400 3518 ture
413 3478 484 3518 cum
498 3457 639 3520 fratribus
654 3459 685 3520 in
701 3460 785 3524 Orto
805 3459 916 3522 meruit
929 3395 1049 3522 hahere.
1069 3456 1106 3521 In
1121 3457 1268 3542 religione
1281 3480 1353 3521 vero

331 3543 443 3626 politus
462 3541 549 3607 Ihesu
569 3546 692 3626 Christi,
716 3549 802 3611 cuius
817 3547 938 3631 vestigia
960 3546 1159 3629 exquifiturus
1180 3559 1227 3610 tot
1240 3547 1354 3609 viribus

331 3629 463 3694 transivit
477 3632 554 3695 ultra
567 3655 660 3714 mare,
683 3635 791 3698 ordine
812 3636 985 3699 sacerdotali
1007 3635 1153 3718 suscepto,
1166 3634 1351 3698 sacramenta

331 3717 389 3781 suis
402 3720 539 3784 manibus
553 3725 663 3785 meruit
678 3722 865 3805 peruasiare.

607 3995 639 4062 7.
665 3987 865 4042 sAooouru
891 3972 1087 4058 o’Avasna,

673 4157 842 4249 Chronique
869 4166 1011 4236 (-¹275).

365 4391 453 4458 [Paris
467 4391 532 4446 Bibl
545 4357 597 4446 nat.
610 4397 702 4459 15460,
713 4391 772 4445 ms.
785 4394 857 4458 XIV,
867 4392 932 4459 in-s,
946 4391 971 4444 ff.
987 4411 1035 4457 3¹²
1051 4395 1107 4458 b,c.
1123 4410 1198 4460 ¹·315
1213 4393 1238 4457 b,
1249 4409 1271 4444 c.
1282 4394 1314 4458 1.]

834 4529 854 4576 a
882 4562 885 4572 .

328 4679 530 4744 [Sequrnrssmns
549 4681 581 4730 ed.
596 4681 650 4730 Mat
668 4681 751 4741 Lame,
762 4693 802 4745 pp.
820 4695 875 4744 409,
892 4695 946 4742 410,
964 4695 1020 4742 412,
1037 4693 1152 4743 ata-430,
1167 4695 1280 4745 435-437,
1290 4696 1349 4746 439-

705 4771 759 4820 447,
771 4757 800 4808 Β
805 4759 876 4823 infra,
881 4757 902 4824 s
916 4759 980 4821 V11.]
