4336 6572
586 1014 661 1106 73.
697 985 929 1077 Vincentius
959 981 1273 1112 Uellooocenfis.
1358 1013 1438 1106 ¹09

419 1241 538 1308 tionibus,
550 1260 614 1312 quaa
626 1243 779 1312 expugnarit
792 1245 816 1298 δι
830 1243 855 1296 in
868 1243 971 1314 optione
982 1261 1068 1296 eorum
1082 1243 1172 1312 posuit,
1191 1254 1273 1296 utrum
1290 1243 1316 1296 in
1333 1243 1439 1314 patriam
1454 1258 1512 1305 ¹219

419 1321 488 1374 suam
510 1321 588 1375 redire
599 1321 699 1388 vellent,
719 1340 751 1376 an
774 1324 884 1392 acceptis
898 1325 931 1376 ab
944 1341 974 1376 eo
994 1323 1076 1376 solidis
1096 1323 1141 1375 sub
1161 1323 1215 1392 ipso
1235 1323 1320 1393 potius
1334 1323 1440 1376 militare

419 1399 547 1470 eligerent.
561 1399 631 1452 Idem
642 1400 784 1464 christianos
796 1401 862 1454 adeo
877 1401 1008 1454 familiares
1022 1403 1139 1466 habebat,
1157 1413 1184 1454 ut
1196 1401 1312 1456 custodes
1328 1402 1439 1470 corporis

420 1478 455 1531 sui
467 1477 625 1532 constitueret
644 1497 696 1544 eoo,
719 1479 776 1533 licet
789 1493 860 1550 pater
878 1480 928 1533 eius
947 1499 962 1534 a
974 1482 1082 1534 Lascaro
1094 1498 1172 1550 greco
1183 1480 1265 1534 suisset
1279 1480 1440 1548 interseslus3

419 1575 495 1610 tnanu
517 1559 592 1610 etiam
613 1559 691 1612 tenuit
704 1559 815 1611 Miralim
836 1559 912 1612 filium
929 1560 1037 1613 Saladini
1060 1560 1257 1614 exhereditatum
1273 1573 1360 1613 contra
1378 1551 1441 1612 hlios

419 1637 561 1706 Saphadini,
576 1651 700 1708 quantum
713 1639 830 1708 Caliphas
843 1640 1004 1707 permittebat
1015 1641 1107 1693 Baldas
1122 1658 1186 1708 papa
1199 1640 1240 1692 sue
1250 1640 1339 1708 gentis.
1356 1639 1441 1712 Mely-

419 1715 555 1786 chasecaph
570 1716 634 1769 filius
656 1717 789 1786 Saphadini
810 1717 889 1770 multa
900 1718 993 1770 damna
1010 1718 1161 1786 Templariis
1180 1719 1271 1784 intulit,
1293 1736 1350 1770 cum
1363 1716 1440 1770 essent

418 1795 443 1847 in
464 1794 592 1848 obfidione
614 1796 742 1849 Dandate.
768 1797 909 1851 Combuffit
934 1796 999 1850 enim
1021 1798 1144 1868 oppidum
1164 1797 1243 1851 Cahri
1265 1797 1338 1862 Albi,
1361 1809 1440 1849 turres

419 1874 527 1928 munitas
537 1875 663 1941 destruxit,
676 1875 727 1940 sed,
736 1893 794 1928 cum
805 1876 895 1929 rediret
908 1876 932 1928 in
945 1877 1123 1942 tutaminum,
1135 1877 1214 1928 ridlus
1224 1876 1282 1929 esta
1293 1874 1439 1928 Sarracenis.

566 2080 615 2143 94.
637 2061 684 2124 De
697 2061 818 2145 captione
832 2060 934 2144 Sophet
945 2065 978 2125 ὅ
992 2061 1142 2124 redditione
1155 2061 1301 2124 Domiote.

228 2253 378 2311 Pseudo-lec,
453 2247 535 2300 Anno
549 2248 617 2301 serbi
636 2249 755 2301 incarnati
780 2267 855 2302 1220.
879 2249 1032 2302 Corradinus
1051 2249 1163 2318 princeps
1187 2248 1303 2300 Damasei
1321 2247 1513 2307 destruxit1220

204 2315 259 2378 ΠΨ·
270 2315 350 2374 orione,
360 2314 404 2374 ¹¹¹2
418 2327 520 2396 Saphet,
531 2328 636 2379 castrum
650 2327 821 2393 firmissimum,
833 2329 901 2397 quod
915 2328 1042 2380 Saladinus
1055 2327 1182 2396 flagellum
1195 2327 1382 2379 christianorum
1397 2345 1440 2397 per

277 2389 342 2436 ¹¹44
417 2403 519 2474 longam
542 2405 695 2458 obsidionem
712 2406 737 2458 in
752 2419 849 2460 tantum
862 2407 977 2473 ardlavit,
999 2419 1026 2460 ut
1039 2405 1179 2459 defensores
1202 2406 1268 2458 ἔειπε
1288 2405 1439 2474 deficientes,

418 2483 532 2552 requifita
544 2483 642 2536 licentia
655 2485 763 2554 magistri
777 2485 861 2538 militie
875 2486 1006 2538 redderent
1019 2485 1078 2537 illud
1092 2498 1207 2554 tyranno.

454 2564 559 2615 Fadium
575 2563 609 2615 esl
627 2578 712 2616 autem
732 2567 837 2617 vertenti
855 2583 929 2629 anno,
952 2567 1054 2633 quando
1069 2564 1146 2616 solent
1163 2582 1234 2633 reges
1254 2565 1287 2615 ad
1305 2564 1368 2616 bella
1382 2582 1440 2633 pro·

311 2661 332 2708 p.
347 2656 403 2705 1145
418 2641 517 2695 cedere:
529 2644 635 2694 Ioannes
648 2661 691 2696 rex
703 2643 834 2696 Ierusalem
852 2645 931 2698 castra
943 2644 1051 2696 fidelium
1065 2644 1172 2712 reliquit,
1187 2644 1279 2696 multas
1291 2645 1439 2710 pretendens

418 2721 503 2774 causas
516 2723 549 2772 ad
562 2722 744 2775 excusationem
760 2723 793 2775 sui
806 2726 829 2776 δι
843 2723 982 2775 festinatum
997 2723 1102 2776 reditum
1116 2724 1271 2792 promittens,
1284 2723 1439 2776 anteriorum

418 2801 509 2853 oblitus
523 2802 555 2852 ad
570 2802 705 2870 posteriora
718 2803 740 2854 se
753 2803 882 2855 convertit.
906 2804 1046 2871 Aperiente
1060 2821 1161 2855 manum
1177 2803 1298 2866 Domino,
1319 2805 1362 2870 qui
1382 2820 1440 2872 por·

418 2889 471 2932 tum
485 2880 603 2934 Damiate
617 2879 727 2950 implevit
747 2883 862 2934 ubertate
875 2880 1000 2946 frumenti,
1013 2879 1062 2932 vini
1077 2884 1099 2932 δι
1115 2881 1179 2944 olee,
1199 2881 1316 2933 adiundla
1331 2881 1440 2950 peregri-

418 2976 506 3010 norum
521 2961 680 3030 &equorum
699 2960 771 3029 copia
792 2962 931 3024 numerosa,
952 2973 979 3012 ut
1000 2961 1032 3011 ad
1055 2960 1266 3029 progrediendum
1289 2959 1312 3010 in
1331 2959 1440 3028 negocio

418 3038 485 3090 nulla
501 3038 584 3090 locum
606 3040 699 3091 habeat
717 3040 849 3093 mensatim
871 3043 1069 3108 Supervenerunt
1085 3039 1109 3090 in
1128 3038 1197 3091 sexto
1211 3037 1323 3107 passagio
1339 3037 1440 3091 Medio·

416 3117 555 3170 lanensis&
571 3118 693 3172 Cretense
705 3119 890 3188 archiepiscopi,
904 3118 1020 3170 Fanensis
1032 3120 1055 3170 δι
1070 3118 1189 3186 Regensrs
1202 3117 1308 3187 episcopi
1322 3118 1439 3185 &nuncij

417 3197 483 3266 regis
497 3197 615 3250 Fridetici
633 3197 773 3251 deserentes
795 3198 877 3251 literas
897 3214 954 3250 cum
975 3199 1055 3249 aureis
1077 3197 1150 3249 bullis
1171 3199 1194 3249 8ι
1213 3198 1349 3249 adventum
1368 3197 1439 3266 ipsius

415 3275 570 3329 nunciantes.
590 3277 691 3329 Aderat
711 3277 776 3329 enirn
797 3279 925 3347 episcopus
940 3277 1070 3330 Brixiensrs
1087 3278 1111 3329 dc
1127 3276 1213 3328 Italica
1228 3277 1314 3328 militia
1331 3277 1439 3346 copiosa.

416 3357 528 3425 Legatos
550 3367 634 3408 autem
649 3357 815 3421 considerans,
837 3375 887 3409 non
914 3357 962 3408 sine
984 3356 1066 3425 gratie
1088 3373 1182 3425 magno
1204 3355 1334 3424 privilegio
1355 3357 1439 3408 divino

416 3451 518 3488 munere
538 3435 686 3488 sufficienter
704 3436 775 3489 sitisse
796 3437 919 3506 provisum
932 3436 958 3488 in
972 3437 1097 3498 omnibus,
1119 3454 1168 3504 que
1186 3436 1326 3504 requirebat
1341 3435 1438 3505 negocij

416 3513 549 3586 precelsus,
570 3518 710 3584 angebatur
726 3515 824 3580 dolore,
843 3516 913 3585 quod
935 3527 1035 3583 tempus
1053 3515 1171 3566 inutiliter
1183 3513 1297 3583 proeeffit
1310 3516 1333 3566 tle
1346 3531 1439 3584 oppor-

415 3597 508 3648 tunitas
530 3607 600 3648 tanta
612 3596 691 3665 pettit.
713 3597 789 3648 Unde
802 3595 947 3648 convocatis
961 3595 1097 3646 maioribus
1112 3593 1162 3662 ipse
1175 3593 1256 3662 primo
1268 3593 1334 3657 loco,
1348 3595 1440 3647 deinde

418 3674 612 3728 Mediolanensrs
633 3675 832 3744 archiepiscopus
845 3679 868 3728 lc
882 3675 921 3742 alij
936 3675 1043 3726 similiter
1055 3674 1162 3742 episcopi
1175 3673 1312 3726 suadebant
1325 3675 1439 3742 progres-

416 3757 468 3808 surn
485 3767 571 3809 contra
585 3755 731 3820 Soldanum,
750 3755 792 3824 qui
810 3755 887 3807 castra
907 3756 949 3807 sua
970 3755 1086 3823 posuerat
1108 3753 1178 3822 super
1190 3754 1275 3804 Nilum
1294 3753 1381 3806 itinere
1391 3755 1439 3808 diei

416 3836 487 3888 unius
506 3853 520 3887 a
542 3835 670 3889 Damiata.
703 3835 750 3887 Sed
778 3834 866 3887 milites
887 3834 974 3886 habita
995 3833 1173 3886 deliberatione
1195 3833 1252 3886 huic
1274 3834 1438 3887 exhortationi

417 3915 630 3980 contradixerunt,
645 3915 710 3966 hanc
722 3914 822 3966 causam
837 3915 944 3966 maxime
957 3913 1146 3983 pretendentes:
1167 3913 1236 3981 quod
1249 3931 1291 3964 rex
1306 3913 1438 3966 Ierusalem

416 3997 502 4048 aberat
514 4013 561 4066 pro
579 3996 619 4047 sue
632 3995 767 4047 voluntatis
779 3994 884 4046 arbitrio
896 4011 943 4045 nec
955 3992 1017 4045 alius
1030 3993 1142 4062 princeps
1156 3991 1265 4044 militaris
1283 3993 1380 4056 aderat,
1399 3994 1439 4046 cui

416 4091 477 4144 gens
490 4074 640 4127 &vasatum
658 4074 787 4126 nationum
807 4073 909 4124 obedire
921 4072 1004 4137 vellet,
1026 4072 1059 4123 ad
1073 4072 1230 4124 educendum
1252 4073 1372 4141 populum
1386 4075 1440 4125 Do-

416 4153 485 4219 mini,
506 4156 530 4206 δι
550 4153 581 4206 fic
600 4154 790 4206 concordabant
801 4153 834 4204 ad
847 4152 939 4217 ocium,
961 4169 991 4204 ex
1010 4168 1063 4220 quo
1081 4152 1147 4203 mala
1166 4151 1330 4221 multiplicata
1344 4151 1438 4203 suntin

416 4232 509 4287 eastris.

453 4313 543 4366 Mense
560 4310 620 4366 iulio
637 4311 775 4381 supervenit
788 4329 872 4364 comes
892 4310 1025 4364 Mattheus
1046 4311 1078 4362 de
1094 4310 1191 4378 Apulia
1210 4327 1267 4362 cum
1288 4310 1339 4378 viij.
1351 4311 1438 4380 galeis,

416 4409 521 4462 quarum
533 4392 597 4444 duas
608 4391 726 4444 cassanias
742 4390 883 4444 insidiantes
897 4389 1031 4443 christianis
1044 4389 1109 4457 cepit
1124 4391 1148 4441 in
1166 4389 1205 4442 eia
1218 4389 1319 4442 marina.

456 4467 581 4532 Deinde
597 4466 741 4530 Damiata
761 4489 832 4530 curn
853 4467 956 4530 multis
975 4466 1127 4529 laboribus
1149 4464 1327 4548 sumptuosis
1350 4483 1437 4550 capta
1452 4497 1508 4532 1221

417 4557 655 4640 &perannum
678 4555 727 4619 vel
755 4557 884 4638 amplius
910 4577 927 4631 a
956 4554 1062 4618 nostris
1088 4552 1219 4637 possessa,
1244 4553 1436 4636 postmodum

417 4644 540 4729 Pelagio
561 4644 706 4710 cardinali
726 4646 756 4709 le
769 4645 868 4728 legato
882 4645 1071 4727 Templariis
1086 4643 1115 4706 &
1130 4641 1339 4725 Hospitalariis
1353 4661 1436 4707 toto-

416 4755 477 4819 que
501 4734 634 4797 exercitu
658 4733 898 4814 christianorum,
921 4749 1049 4818 excepto
1077 4753 1146 4816 rege
1170 4727 1296 4810 Ioanne,
1320 4732 1372 4818 qui
1396 4733 1435 4796 ob
