4336 6572
798 931 855 1020 26
985 931 1227 1060 ‘Testimonio
1249 931 1289 1019 in
1314 926 1461 1058 Belgio
1475 927 1651 1051 scripto.

796 1187 846 1240 lum
864 1189 896 1240 ad
917 1185 1099 1256 expeditionem
1121 1187 1203 1240 Sanni
1219 1187 1344 1256 Sepulchri
1363 1187 1455 1240 hortari
1473 1188 1552 1252 iubet,
1568 1187 1608 1240 cui
1620 1187 1701 1257 primo
1712 1187 1814 1257 quidem

795 1267 877 1336 pauci,
897 1267 980 1336 postea
993 1283 1053 1318 vero
1070 1266 1260 1318 innumerabiles
1272 1266 1435 1318 obaudientes
1448 1266 1536 1336 tignati
1549 1266 1611 1318 hrot.
1633 1266 1732 1319 Deinde
1749 1266 1814 1319 idem

795 1364 869 1415 papa,
891 1345 1050 1414 pontificatus
1070 1344 1105 1396 sui
1124 1363 1191 1396 anno
1209 1345 1269 1411 xvij,
1288 1347 1370 1397 mense
1393 1345 1544 1410 novembris,
1564 1346 1589 1397 in
1603 1345 1701 1397 basilica
1713 1347 1815 1397 Latera-

795 1425 870 1490 nenlr,
891 1443 941 1495 que
954 1424 1158 1477 Constantiniana
1172 1425 1319 1489 vocabatur,
1339 1423 1474 1476 celebravit
1488 1423 1622 1476 concilium
1635 1425 1758 1493 generale,
1770 1441 1816 1492 pro

796 1503 901 1555 subsidio
915 1505 997 1555 Terre
1009 1503 1097 1555 sande
1116 1505 1139 1555 le
1160 1520 1206 1570 pro
1225 1503 1288 1554 statu
1304 1503 1443 1556 universalis
1460 1499 1568 1567 ecclefie,
1590 1503 1632 1555 ubi
1655 1504 1733 1555 multa
1745 1503 1816 1555 utilia

796 1584 885 1635 statuta
904 1582 1004 1634 fuerunt
1022 1582 1187 1652 promulgata.
1208 1584 1237 1634 In
1249 1600 1301 1652 quo
1313 1582 1359 1635 fuit
1371 1601 1428 1635 cum
1442 1582 1597 1652 patriarchia,
1618 1583 1817 1654 archiepiscopis,

795 1661 924 1732 episcopis,
949 1662 1083 1714 abbatibus
1110 1664 1134 1714 dr
1162 1659 1216 1714 aliia
1245 1662 1359 1731 prelatis,
1383 1663 1477 1714 lumina
1501 1663 1650 1732 prelatorum
1677 1665 1815 1716 MCCXC.

796 1743 915 1806 Deorum,
928 1758 986 1792 cum
1000 1753 1100 1810 propter
1114 1741 1299 1793 subventionem
1314 1743 1396 1794 Terre
1409 1743 1497 1795 &nete
1509 1743 1572 1794 inter
1586 1741 1697 1806 Pisanos,
1710 1745 1817 1796 tanuen-

797 1819 832 1872 lea
845 1821 869 1872 u
883 1820 1041 1872 Lombardoe
1054 1837 1141 1888 pacem
1158 1821 1240 1873 facere
1252 1819 1400 1885 intenderet,
1420 1821 1444 1872 in
1458 1821 1546 1874 itinere
1563 1821 1595 1872 ad
1608 1822 1657 1873 hoc
1671 1821 1816 1874 constitutus

796 1899 863 1968 apud
877 1899 1004 1952 Perusrum
1018 1900 1051 1951 est
1064 1899 1205 1964 deuinctus,
1226 1900 1268 1952 ubi
1282 1900 1307 1951 in
1320 1899 1420 1952 ecclefia
1435 1897 1509 1952 sandii
1522 1899 1649 1967 Laurentii
1663 1900 1815 1956 tumulatur:

796 1975 836 2028 cui
849 1977 957 2030 succeffit
972 1976 1159 2042 Honorinum,
1177 1977 1279 2029 natione
1295 1979 1435 2030 Romanus.

727 2065 784 2112 1²¹7
832 2057 930 2108 Eodem
943 2074 1046 2126 quoque
1058 2067 1180 2124 tempore,
1193 2055 1283 2108 lm'licet
1295 2074 1361 2109 anno
1369 2058 1450 2110 MCC
1459 2059 1483 2110 le
1493 2059 1575 2123 xvn,
1587 2058 1725 2110 multitudo
1732 2074 1817 2110 cruce·
1830 2070 1852 2116 Ρ·
1865 2054 1908 2112 ¹5⁸

797 2133 958 2203 signatorum,
970 2136 1010 2202 alij
1025 2152 1070 2203 per
1083 2145 1169 2199 terras,
1181 2135 1221 2202 alij
1239 2135 1350 2205 navigio,
1361 2137 1443 2188 versus
1456 2137 1640 2188 lherosolimam
1654 2137 1699 2189 iter
1712 2136 1817 2205 aggredi

799 2214 862 2279 sunt,
883 2213 926 2266 ubi
939 2213 1059 2266 Damiata
1075 2213 1161 2266 civitas
1173 2213 1223 2266 iam
1241 2215 1350 2286 byennio
1362 2233 1377 2266 a
1389 2215 1525 2267 christiania
1538 2214 1634 2267 obleli'a
1651 2217 1755 2284 capitur,
1776 2215 1817 2268 sed

799 2293 935 2359 Sarraceni,
947 2293 1050 2346 fortuito
1062 2293 1119 2345 casu
1132 2293 1302 2362 contingente,
1314 2311 1369 2347 eam
1382 2294 1467 2364 postea
1481 2307 1694 2364 recuperaverunt

915 2521 969 2570 21.
994 2505 1058 2570 ‘Die
1071 2507 1197 2595 iringere
1214 2503 1536 2591 Hochmeisterchronik
1563 2513 1609 2582 (-
1621 2515 1709 2581 14⁶7).

1128 2678 1178 2747 [SS.
1192 2680 1243 2730 llll.
1260 2679 1428 2743 lbafficarvm,
1440 2681 1485 2746 V.]

1296 2806 1315 2849 ss

813 2945 921 3012 [διψᾶν
932 2943 1024 3008 Olnerh'
1033 2944 1154 2993 Historiam
1166 2945 1319 2994 Damiatinam
1330 2944 1359 2994 ὅ
1367 2948 1450 2994 Petraei
1461 2947 1487 2994 de
1495 2947 1613 3012 Duisinrg,
1624 2947 1741 3012 ἔψησε.
1751 2948 1802 3012 m]

726 3117 784 3162 1216
836 3097 887 3162 Int
906 3099 966 3183 jair
989 3119 1045 3161 ons
1068 3097 1173 3160 Heern
1195 3097 1296 3164 MCC
1318 3100 1396 3162 ende
1420 3103 1468 3184 xvj
1488 3123 1549 3165 was
1570 3104 1650 3164 noch
1672 3124 1728 3166 cen
1742 3104 1819 3165 vairt
1832 3114 1896 3165 e·59

798 3189 870 3250 then
884 3187 1015 3269 heiligen
1030 3185 1127 3246 lande.
1143 3184 1223 3248 Dair
1237 3201 1329 3270 togen
1344 3187 1393 3251 die
1414 3189 1548 3272 coningk
1568 3212 1626 3252 van
1649 3190 1818 3272 Ongarien,

796 3277 845 3338 die
860 3273 994 3338 coninck
1011 3293 1069 3334 van
1081 3271 1198 3355 Sypera
1216 3275 1402 3339 diehertoch
1417 3297 1474 3338 van
1490 3277 1679 3356 Oistenrick,
1693 3279 1743 3339 die
1754 3277 1819 3361 bys·

796 3365 867 3445 scop
879 3383 937 3424 van
949 3360 1091 3438 Utrecht,
1103 3361 1151 3421 die
1164 3357 1277 3444 bili'cop
1292 3383 1350 3426 van
1362 3361 1502 3426 Munster
1515 3366 1592 3426 ende
1606 3364 1693 3429 seven
1708 3367 1819 3428 aender

796 3447 959 3532 byli'copen
980 3451 1057 3512 ende
1076 3447 1143 3511 veel
1156 3463 1259 3533 groter
1273 3452 1366 3513 heren
1387 3466 1421 3513 ut
1441 3451 1618 3535 Duytschen
1633 3451 1721 3515 lande
1742 3455 1819 3515 ende

794 3559 926 3620 quamen
948 3553 995 3600 tot
1016 3537 1127 3616 Akers,
1152 3539 1231 3600 ende
1251 3538 1300 3600 die
1316 3539 1464 3621 patriarch
1485 3560 1543 3602 van
1557 3537 1654 3602 Ihrlm
1674 3562 1745 3602 nam
1766 3541 1819 3623 dyt

794 3625 906 3708 heilige
919 3627 996 3688 hout
1009 3646 1067 3686 van
1087 3625 1144 3687 den
1160 3646 1250 3708 cruys
1264 3647 1320 3688 ons
1335 3626 1457 3688 Heeren
1472 3627 1503 3688 in
1518 3627 1566 3690 die
1580 3628 1664 3706 hant,
1677 3628 1754 3690 ende
1770 3631 1821 3690 dat

793 3734 855 3776 was
873 3715 923 3775 die
942 3713 1058 3791 bannir,
1077 3712 1155 3774 ende
1174 3713 1223 3776 dic
1234 3717 1324 3776 toech
1338 3715 1415 3776 voir.
1429 3714 1492 3776 Die
1505 3714 1638 3776 coninck
1654 3736 1713 3777 van
1723 3713 1820 3777 Ihrlm

793 3799 871 3861 ende
893 3799 951 3862 alle
971 3803 1021 3862 die
1043 3802 1168 3882 princen
1191 3817 1255 3883 myt
1275 3804 1371 3863 horen
1391 3800 1462 3863 volc
1482 3817 1573 3885 togen
1596 3817 1630 3864 ut
1642 3801 1761 3865 Arkers
1775 3805 1821 3864 int

793 3885 903 3971 heilige
929 3886 1001 3964 lant,
1027 3887 1166 3948 merdic
1190 3884 1344 3950 Sarafinen
1368 3881 1505 3966 wecken,
1527 3887 1605 3951 ende
1629 3889 1677 3950 die
1701 3889 1820 3952 ltersten

786 3995 925 4042 ,wonnen
951 3995 1007 4036 een
1029 3973 1128 4036 sterck
1156 3973 1263 4036 casteel
1288 3975 1366 4037 ende
1391 3975 1544 4058 verssogen
1569 3974 1635 4038 veel
1658 3974 1820 4055 Sarastnen,

793 4082 857 4124 mer
879 4062 951 4124 daer
971 4083 1028 4124 nae
1049 4083 1087 4123 en
1110 4062 1229 4124 hadden
1251 4062 1280 4146 sy
1299 4078 1371 4144 nyet
1391 4063 1458 4126 veel
1478 4063 1637 4142 vidiorien,
1657 4064 1735 4127 ende
1756 4065 1821 4127 dair

793 4170 849 4211 nae
869 4150 952 4212 toich
976 4150 1025 4212 die
1046 4149 1179 4211 coninck
1200 4169 1257 4211 van
1280 4149 1438 4232 Ongaricn
1454 4167 1519 4234 myt
1532 4153 1622 4235 synen
1636 4151 1707 4214 volc
1720 4154 1821 4216 weder

793 4237 856 4298 t’hu
877 4259 901 4300 s.

833 4259 912 4386 Dyair
934 4344 991 4386 nae
1015 4325 1060 4386 int
1080 4323 1156 4386 selve
1174 4323 1234 4407 jair
1253 4339 1344 4406 togcn
1372 4326 1506 4388 coninck
1526 4322 1622 4388 Iohan
1642 4347 1699 4388 van
1721 4324 1819 4388 Ihrim

792 4414 871 4475 ende
893 4413 942 4474 die
957 4411 1090 4474 coninck
1105 4431 1162 4472 van
1185 4411 1316 4495 Cypros,
1334 4412 1383 4474 die
1404 4415 1550 4476 hertoech
1564 4434 1621 4476 van
1635 4413 1819 4494 Oistenrick,

792 4498 842 4560 die
862 4495 1016 4580 biiscopen
1028 4514 1062 4561 ut
1072 4497 1250 4580 Duytschen
1262 4497 1383 4577 landen,
1393 4501 1471 4562 ende
1482 4500 1531 4561 die
1543 4500 1604 4562 drie
1616 4500 1749 4564 meisters
1760 4523 1818 4563 van

793 4585 851 4648 den
870 4586 956 4648 drien
975 4586 1081 4648 oirden
1099 4601 1133 4648 ut
1150 4585 1250 4648 Altero
1265 4587 1364 4648 roden
1384 4587 1569 4649 bemuerden
1588 4588 1666 4650 ende
1677 4588 1816 4651 maetten

792 4673 834 4735 ast
847 4673 916 4736 vdie
927 4674 1022 4736 borch
1035 4672 1240 4757 Pelgerin,dic
1254 4672 1429 4744 intbisdom
1443 4696 1501 4737 van
1514 4673 1655 4740 Cesarien
1670 4675 1723 4740 leit
1741 4675 1819 4740 ende
