4336 6572
760 1003 819 1093 66
879 999 1116 1131 Testimonio
1141 998 1183 1086 in
1205 994 1368 1126 Magno
1393 994 1493 1086 Brit.
1509 993 1687 1124 scripto.

801 1281 884 1327 1221.
926 1261 1047 1325 Eodem
1067 1281 1147 1323 anno
1162 1259 1445 1322 excommunicatus
1468 1256 1512 1319 est
1529 1256 1709 1322 Willelmus
1729 1281 1782 1322 co-
1795 1256 1859 1316 P·⁶4

758 1374 822 1418 mes
837 1355 875 1417 de
890 1352 973 1417 Albo
989 1351 1084 1430 Mari,
1107 1351 1179 1434 quia
1199 1351 1252 1434 qui
1279 1348 1508 1434 crucefignatus,
1531 1371 1589 1412 nec
1608 1365 1716 1412 votum
1737 1366 1784 1408 re·

760 1444 877 1506 dimere
891 1442 999 1520 voluit,
1010 1461 1068 1504 nec
1082 1437 1245 1503 Ierusalem
1260 1439 1419 1522 proficisci.

793 1592 894 1645 Eodem
905 1609 972 1644 anno
983 1591 1048 1644 obiit
1060 1607 1145 1644 comet
1157 1590 1190 1643 de
1211 1590 1329 1644 Arundel
1349 1590 1375 1643 in
1398 1589 1471 1644 Italia
1491 1592 1515 1644 δι
1534 1589 1587 1644 offa
1607 1591 1650 1644 sua
1670 1589 1786 1645 nullan

757 1674 815 1726 sunt
829 1674 852 1725 dr
866 1670 960 1742 sepulta
974 1671 1042 1741 apud
1055 1671 1253 1724 Wimundbam.

791 1752 891 1805 Eodem
909 1768 977 1803 anno
999 1750 1060 1804 ficut
1081 1749 1212 1803 Honorius
1233 1767 1300 1819 papa
1316 1748 1403 1803 tertius
1421 1749 1512 1820 seriplit
1531 1748 1647 1803 omnibut
1668 1749 1786 1804 ecclesiitz

760 1849 772 1880 ι
787 1831 843 1884 Rex
857 1830 942 1883 David
956 1829 1045 1882 habuit
1064 1829 1207 1883 conflitlum
1225 1846 1283 1882 curn
1302 1828 1405 1881 soldano
1424 1829 1530 1883 Persidis
1549 1831 1574 1881 dr
1592 1847 1623 1882 eo
1642 1829 1731 1900 fugato
1743 1847 1788 1899 per

758 1909 847 1980 viginti
859 1921 968 1979 quatuor
980 1909 1059 1962 dietas
1072 1908 1182 1963 obtinuit
1195 1926 1238 1962 rex
1251 1908 1276 1960 in
1291 1908 1391 1961 Perside
1412 1908 1526 1961 eastra&
1545 1909 1659 1962 civitates
1677 1907 1786 1962 munitet

757 1991 792 2044 ita
807 1991 877 2061 quod
891 2008 941 2043 non
955 1989 1063 2042 distabat
1075 2006 1091 2041 a
1103 1988 1259 2041 famosrllima
1280 1987 1380 2040 civitate
1401 1989 1503 2054 Baldar,
1520 1988 1564 2041 ubi
1583 1988 1617 2041 est
1630 2006 1695 2058 pape
1709 2005 1786 2058 paga·

757 2087 847 2122 norunt
863 2070 932 2121 sodes
946 2067 1064 2138 specialia,
1077 2067 1121 2120 nist
1133 2067 1275 2136 perdecem
1289 2066 1378 2120 dietas.
1401 2068 1516 2136 Populus
1533 2067 1607 2121 etiam
1626 2067 1785 2137 Georgianur

757 2149 782 2202 in
795 2149 871 2202 armis
885 2149 1005 2212 llrenuus,
1018 2147 1042 2200 in
1056 2146 1107 2199 fide
1121 2145 1269 2212 catholicus,
1283 2157 1371 2200 contra
1388 2149 1535 2201 Sarracenos
1548 2146 1590 2200 libi
1604 2145 1698 2200 vicinos
1710 2165 1784 2216 guer-

757 2247 811 2283 ram
824 2228 932 2282 movit»

686 2382 743 2430 ¹2²3
798 2362 876 2450 Quo
899 2378 1049 2445 ternpore,
1073 2364 1110 2426 ad
1136 2362 1304 2426 instantiam
1330 2361 1468 2426 Pandulfi
1497 2363 1675 2446 Apostolice
1697 2361 1781 2425 Sedis
1795 2364 1856 2425 n⁶7

757 2452 859 2536 legati,
881 2451 960 2514 fabia
980 2449 1022 2512 est
1045 2451 1197 2533 promillio
1223 2452 1286 2534 regi
1301 2447 1548 2514 Ierosolimorum
1570 2453 1600 2514 in
1620 2447 1780 2514 subfidium

756 2541 855 2603 Terre
870 2539 987 2602 sandle:
1003 2540 1046 2600 ita
1059 2539 1142 2623 quod
1158 2539 1286 2623 quilibet
1299 2561 1403 2602 comes
1418 2540 1502 2602 daret
1516 2556 1577 2604 tres
1606 2559 1730 2617 marcas,
1750 2537 1780 2600 dt

758 2629 887 2712 quilibet
901 2628 973 2690 baro
988 2649 1081 2690 unam
1096 2648 1239 2706 marcam,
1260 2626 1434 2710 &quilibet
1454 2627 1542 2692 miles
1560 2627 1609 2692 sex
1632 2627 1780 2706 denarios,

758 2716 961 2800 &quodlibet
975 2715 1104 2778 castrum
1119 2738 1215 2779 unum
1230 2718 1396 2779 denarium.

797 2850 918 2868 ......
943 2803 1063 2867 Eodem
1087 2826 1177 2884 anno,
1199 2804 1305 2870 Petrus
1325 2805 1548 2869 Wintonienfis
1572 2803 1729 2887 episcopus
1750 2801 1781 2864 δι
1800 2812 1861 2863 ΜΞ

757 2895 901 2957 dominus
925 2893 1020 2957 Falco
1042 2895 1080 2957 de
1096 2893 1235 2974 Breaute,
1256 2895 1329 2957 dum
1350 2894 1444 2977 parati
1459 2893 1552 2957 ellent
1569 2896 1628 2957 iter
1643 2894 1787 2974 arripere,

758 2981 930 3064 supervenit
953 3002 1058 3044 rumor
1073 2982 1180 3060 malus,
1202 2985 1240 3045 de
1254 2981 1377 3066 Egypto
1392 2982 1517 3061 scilicet,
1537 2984 1620 3066 quod
1635 2980 1786 3043 exercitus

757 3069 990 3133 christianorum
1004 3070 1200 3133 circundatus
1220 3071 1317 3153 Nylo,
1339 3070 1423 3134 iuxta
1440 3071 1596 3133 civitatem
1617 3067 1786 3153 Babylonio

758 3153 988 3238 Saracenorum,
1012 3157 1137 3222 coaetus
1161 3157 1203 3220 est
1225 3159 1350 3220 reddere
1365 3157 1553 3237 Damietam,
1572 3156 1785 3219 &concedere

757 3257 877 3327 treugas
893 3244 1049 3309 Saracenis
1072 3267 1128 3328 pro
1150 3244 1414 3328 compensatione,
1435 3245 1518 3328 quod
1538 3244 1687 3308 christiani
1713 3263 1785 3305 curn

758 3332 848 3396 rebus
863 3331 921 3396 suis
946 3330 1019 3396 illest
1043 3332 1269 3396 recederent&
1290 3334 1396 3397 civitas
1415 3334 1601 3412 redderetur,
1625 3334 1654 3396 dt
1678 3351 1786 3394 omnes

760 3420 873 3502 captivi
897 3421 928 3483 in
955 3421 1102 3504 potestate
1133 3421 1247 3485 soldani
1272 3420 1438 3506 Babylonis
1460 3421 1624 3500 constituti,
1654 3419 1786 3482 libertati

758 3507 997 3572 restituerentur.
1016 3508 1059 3572 Et
1074 3511 1131 3572 hac
1146 3511 1273 3589 ratione,
1295 3510 1418 3594 Anglici
1443 3531 1461 3572 a
1481 3510 1532 3572 sua
1544 3508 1787 3592 peregrinatione

760 3594 950 3676 destiterunt,
964 3597 1065 3661 donec
1082 3619 1100 3660 a
1113 3597 1190 3662 Sede
1204 3596 1385 3681 Apostolica
1398 3599 1573 3661 mandatum
1577 3643 1656 3661 .....

930 3938 987 4018 50.
1017 3935 1348 3994 nAnTnouonuaus
1371 3939 1423 3994 ne
1443 3939 1615 4013 corson,

1008 4129 1150 4218 Historia
1169 4131 1349 4224 olnglicono
1366 4141 1527 4212 (-1298).

986 4358 1045 4426 [Ed.
1061 4359 1157 4427 Lutrd,
1169 4361 1261 4427 Lond,
1275 4365 1352 4430 1859,
1366 4360 1431 4429 itt-8,
1444 4377 1471 4430 p.
1492 4361 1561 4426 nu]

931 4739 1044 4805 [Sequitur
1055 4740 1188 4788 Matthaei
1200 4739 1339 4806 Parirsupn
1346 4751 1388 4806 pp.
1398 4753 1472 4804 54-59
1481 4739 1608 4804 hadom]
