4336 6572
652 1013 725 1094 44.
761 980 868 1071 Brut
884 1017 918 1108 y
944 981 1248 1112 ‘Iywysogioa
1403 983 1454 1072 61

435 1260 531 1326 pytty,
559 1263 576 1303 a
599 1238 773 1324 thywyffasc
789 1240 898 1320 Astria,
920 1263 955 1303 ac
975 1241 1076 1326 ymlad
1100 1263 1132 1304 ar
1151 1242 1255 1304 drefa
1278 1258 1406 1325 erugant
1429 1265 1464 1305 ae

433 1328 597 1415 goresgyn:
613 1351 630 1390 a
644 1329 766 1391 chastell
781 1351 799 1391 a
813 1332 870 1391 oed
887 1330 1026 1412 ygkanass
1046 1352 1081 1414 yr
1095 1352 1173 1392 auon
1196 1331 1284 1413 wedy
1299 1329 1409 1392 adeilat
1433 1352 1466 1392 ar

435 1419 535 1500 logon,
550 1416 640 1479 hsnns
655 1437 672 1477 a
686 1417 853 1499 eskynnasd
870 1417 1090 1500 ypererinyasn
1106 1439 1139 1479 ar
1153 1416 1298 1500 yscolyon
1311 1438 1388 1479 aeae
1402 1433 1464 1478 tor-

435 1503 543 1568 rass'ant
558 1505 645 1590 wedy
657 1504 716 1567 llad
733 1505 818 1567 llaser
831 1528 867 1568 or
882 1508 1079 1590 Sarascinyeit
1095 1531 1112 1570 a
1126 1507 1193 1568 dala
1208 1505 1301 1568 ereill.

475 1595 506 1656 Y
529 1593 653 1678 ulsydyn
673 1594 778 1655 honno
797 1597 906 1678 yrodes
930 1617 963 1678 yr
984 1597 1049 1657 holl
1063 1595 1255 1678 gyfoethadsc
1276 1593 1537 1670 Dudsdinas1219

435 1681 563 1745 Damiet
583 1704 622 1763 yn
638 1702 673 1764 yr
687 1681 760 1743 Eifft
776 1703 793 1743 a
807 1682 864 1744 oed
880 1704 913 1744 ar
927 1705 1005 1744 avon
1022 1683 1143 1765 Nilusy
1158 1683 1188 1744 lu
1203 1705 1222 1766 y
1237 1681 1463 1764 Cristonogyon

434 1773 508 1833 aved
520 1769 607 1853 wedy
623 1770 720 1832 blinas
735 1793 753 1831 0
769 1772 815 1832 hir
829 1770 930 1853 ymlad
947 1793 979 1833 ar
995 1771 1099 1847 distas,
1120 1773 1216 1853 kanys
1238 1771 1375 1854 dsywadss
1398 1791 1465 1832 rac-

433 1859 632 1940 weledigaeth
644 1859 772 1942 aberisy
786 1861 869 1920 veint
885 1859 1092 1943 uardsolyaeth
1109 1861 1171 1942 [ary
1187 1859 1290 1942 bopyl]
1303 1881 1363 1942 yny
1379 1860 1464 1921 dinas

434 1948 536 2030 hytna
549 1945 617 2008 allei
629 1969 648 2028 y
659 1947 703 2008 rei
715 1946 890 2030 budsgladu
902 1971 920 2031 y
933 1949 975 2009 rei
992 1947 1109 2009 meirds.
1126 1948 1231 2029 Kanys
1245 1970 1263 2029 y
1276 1947 1334 2030 dyd
1345 1970 1365 2031 y
1376 1948 1464 2007 cahat

434 2035 552 2120 ydinas
566 2034 666 2116 ydoed
683 2034 765 2116 mdsy
785 2057 825 2096 no
845 2035 1011 2097 theirmilo
1035 2035 1119 2119 gyrff
1126 2059 1145 2119 y
1170 2033 1284 2097 meirds
1301 2057 1332 2095 ar
1356 2035 1411 2118 hyt
1429 2057 1463 2117 yr

435 2122 545 2204 heolyd
559 2143 662 2204 megys
673 2121 746 2184 kdsn
762 2122 821 2184 heb
836 2146 855 2207 y
869 2123 968 2186 cladu.
983 2125 1029 2185 Ar
1040 2125 1098 2206 dyd
1112 2121 1245 2184 dthnnds
1252 2146 1288 2208 yr
1300 2122 1463 2206 molyanta

435 2226 611 2293 gogonyant
625 2230 659 2292 yr
674 2210 873 2296 Creadsdyry
887 2212 1002 2294 credsyt
1016 2211 1177 2273 archescob
1191 2234 1251 2296 yny
1267 2213 1360 2273 dinus.

347 2347 368 2391 Ρ,
380 2330 424 2391 303
477 2299 509 2360 Y
525 2297 648 2381 ulsydyn
664 2299 768 2359 honno
783 2299 821 2382 yd
837 2300 905 2362 aeth
922 2299 963 2360 llu
985 2323 1003 2382 y
1026 2300 1251 2382 Cristonogyon
1273 2297 1409 2362 Damieit
1424 2321 1463 2381 yn
1481 2326 1537 2360 1221

436 2408 469 2471 yr
480 2385 554 2448 Eifft
566 2402 597 2447 tu
610 2408 626 2447 a
638 2386 766 2448 Bobilon
776 2387 853 2449 dsrth
865 2389 965 2472 ymlad
976 2410 993 2449 a
1005 2389 1045 2466 hi,
1053 2409 1087 2449 ac
1096 2410 1151 2470 nys
1161 2387 1288 2469 gadadsd
1299 2387 1357 2449 dial
1367 2386 1464 2451 Duds.

437 2475 544 2558 Kanys
559 2473 653 2536 llifasd
669 2474 812 2536 adsnoeth
827 2498 907 2538 auon
923 2476 1015 2538 Nilus
1028 2497 1087 2558 ary
1102 2476 1179 2538 fford
1197 2477 1243 2559 [yr
1257 2477 1392 2560 wythuet
1404 2476 1463 2557 dyd

344 2591 365 2637 p.
379 2587 424 2634 310
436 2588 455 2625 ο
467 2563 526 2648 wyl
542 2563 617 2625 Veir
631 2562 819 2624 diwoethaef
834 2586 870 2625 or
884 2565 1065 2648 kynhayaf],
1090 2586 1124 2626 ae
1148 2566 1302 2646 gdl'archei
1324 2564 1389 2647 rdsy
1414 2563 1464 2646 dsy

435 2653 505 2714 afon
520 2673 580 2734 yny
595 2651 690 2714 vodes
706 2653 847 2733 anneiryf
862 2675 880 2712 o
896 2655 1021 2714 uadunt.
1039 2655 1087 2714 Ac
1101 2675 1160 2736 yna
1176 2652 1356 2714 keithiwads
1366 2652 1464 2714 erreil.

435 2743 484 2802 Ac
498 2762 558 2822 yna
570 2762 590 2822 y
604 2760 702 2822 gorun
718 2757 826 2801 arnunt
842 2741 912 2803 dalu
934 2741 1062 2803 Darniet
1083 2764 1117 2825 yr
1141 2743 1325 2825 Saraffinyeit
1341 2742 1465 2804 drache-

337 2873 346 2884 .
434 2827 485 2910 syn
501 2827 603 2906 drosy
618 2826 722 2909 bowyt
736 2848 771 2888 ac
785 2829 865 2910 rydit
879 2851 897 2909 y
912 2828 1008 2906 keith,
1024 2851 1041 2889 a
1061 2831 1233 2910 gbneutlmr
1254 2831 1374 2913 kygreir
1391 2829 1463 2910 byth

435 2915 556 2998 mlyned
569 2936 605 2976 ac
624 2914 719 2998 dsynt.
740 2917 788 2977 Ac
803 2917 906 2999 odyno
921 2940 939 3000 y
955 2918 1125 2998 hebsygods
1133 2941 1151 3000 y
1165 2919 1365 3001 Sarrassinyeit
1379 2917 1464 2999 dsynt

434 3002 488 3085 hyt
501 3025 541 3079 yn
556 3004 654 3085 Acrys
670 3001 709 3063 lle
720 3023 760 3086 ny
775 3004 870 3084 wydit
881 3002 941 3064 dun
953 3027 971 3086 y
984 3004 1063 3066 dsrth
1074 3025 1163 3086 groes
1173 3005 1266 3084 Grtst,
1278 3028 1388 3088 namyn
1403 3022 1464 3067 tru-

433 3092 523 3171 gared
541 3089 634 3152 Duds
642 3112 658 3152 e
673 3091 735 3151 hun
750 3112 785 3152 ae
797 3090 908 3152 taladsd
920 3094 1023 3154 odunt.

871 3265 1026 3394 Versi0.

470 3483 520 3535 Hoc
550 3500 615 3535 anno
639 3481 748 3535 nonnulli
771 3482 930 3550 crucesignati
949 3483 1083 3550 Ierusalem
1108 3482 1215 3553 prasidi
1227 3484 1297 3550 suat,
1316 3501 1416 3554 quorum
1438 3483 1465 3536 in
1480 3498 1538 3546 ,με

433 3579 532 3614 numero
544 3574 618 3615 erant
628 3581 701 3616 comos
713 3567 744 3614 de
757 3563 882 3628 Caerleon‚
895 3581 969 3616 comes
986 3562 1112 3632 Marsttall
1126 3565 1221 3632 (Bryon
1232 3568 1264 3615 de
1279 3563 1356 3629 Villa)
1375 3565 1404 3614 ὅ
1418 3563 1467 3630 alij

434 3641 494 3693 viri
504 3643 592 3695 nobiles
605 3661 638 3695 ex
651 3643 744 3710 Anglio
758 3643 814 3696 orti.
827 3643 915 3694 Eodem
929 3661 992 3695 anno
1003 3645 1127 3695 exercitus
1141 3643 1326 3711 christianorum
1339 3645 1465 3711 proselitis

434 3721 635 3788 estDamiatom,
652 3741 721 3792 quem
740 3727 868 3776 duxerunt
882 3741 931 3776 rex
949 3722 1112 3789 Hierusalem,
1129 3724 1280 3790 patriarcha
1298 3723 1464 3790 Hierosolymi-

434 3811 516 3868 tanus,
529 3803 643 3872 magister
656 3805 693 3856 Ha
721 3802 786 3854 italio
802 3804 830 3854 ὅ
843 3807 898 3854 dux
911 3801 1023 3868 Austriae.
1044 3802 1096 3870 Qui
1112 3803 1216 3870 aggreffi
1228 3803 1291 3869 sunt
1312 3803 1340 3853 ὅ
1352 3813 1465 3870 ceperunt

433 3883 532 3934 urbem:
556 3883 637 3952 ibique
656 3895 715 3935 erat
733 3882 851 3952 castellum
873 3881 898 3934 in
920 3868 1106 3948 mediastueirine
1119 3883 1198 3950 super
1217 3893 1283 3933 rates
1301 3883 1465 3949 construttum,

433 3966 496 4031 quod
499 3960 579 4026 scalis
588 3963 728 4032 peregrinis
740 3963 904 4029 ascenderunt
917 3963 945 4014 ὅ
953 3963 1136 4029 destruxerunt,
1147 3961 1226 4013 multis
1242 3963 1372 4014 Saracenis
1386 3961 1463 4028 oeet‘fis

435 4043 463 4093 ὃ
471 4041 557 4109 captis.

468 4122 519 4174 Hoc
527 4138 591 4174 anno
603 4123 671 4174 Deus
681 4121 832 4190 Omnipotens
838 4122 936 4193 AEgypti
947 4121 1031 4173 urbem
1039 4122 1185 4173 Damiatam
1193 4124 1231 4172 ad
1241 4120 1322 4189 ripam
1335 4119 1465 4186 Nilifitom
1481 4144 1538 4192 ¹2¹9

432 4201 554 4253 exercitui
564 4201 750 4270 christianorum
762 4204 878 4268 tradidit,
898 4213 973 4272 prope
988 4220 1062 4272 quam
1078 4201 1122 4253 diu
1135 4203 1269 4270 pugnando
1289 4201 1390 4252 multum
1407 4212 1464 4253 tem·

430 4280 497 4351 poris
509 4281 591 4347 castra
602 4283 751 4345 habuerant,
756 4284 807 4352 sed
817 4285 912 4336 divino
920 4282 1085 4352 providentia
1107 4281 1164 4333 talis
1186 4279 1323 4333 mortalitas
1343 4281 1369 4331 in
1381 4279 1465 4348 populo

432 4362 547 4414 civitatis
556 4362 778 4432 graffotafuerat,
791 4376 819 4416 ut
831 4365 900 4416 vivi·
916 4376 1019 4418 mortuos
1029 4364 1137 4431 sepelire
1155 4382 1201 4416 non
1210 4363 1296 4431 Meni
1315 4364 1343 4414 ὅ
1356 4364 1405 4426 die,
1421 4379 1465 4429 quo

433 4443 493 4493 urbs
506 4451 645 4510 caperetur,
652 4441 709 4510 plus
723 4461 796 4512 quam
808 4441 859 4495 tria
871 4443 949 4494 millia
961 4453 1087 4511 corporum
1104 4442 1130 4493 in
1142 4443 1196 4494 viis
1216 4455 1243 4494 ut
1254 4458 1325 4494 canes
1346 4441 1465 4508 insepulta

433 4521 618 4574 invenirentur.
637 4523 668 4574 Et
678 4527 759 4576 eodem
770 4522 812 4574 die
823 4524 860 4573 od
871 4522 970 4575 laudern
983 4524 1011 4574 ot
1016 4521 1126 4591 gloriam
1138 4521 1262 4575 Crantoris
1273 4520 1465 4589 archiepiscopus

433 4602 459 4653 in
473 4603 534 4654 urbe
545 4601 698 4669 consecratus
709 4603 746 4671 esi.

469 4682 519 4734 Hoc
535 4699 599 4734 anno
610 4681 734 4734 exereitus
751 4681 936 4750 christianorum
952 4684 985 4734 ab
1006 4683 1068 4733 urbe
1089 4681 1209 4734 Damiata
1226 4681 1371 4751 AEgyptioeo
1388 4679 1535 4746 Baby-1221

432 4763 508 4814 lonem
517 4763 641 4830 prostitui
654 4763 693 4830 ιβ,
705 4773 732 4814 ut
742 4781 796 4815 eam
808 4763 998 4830 aggrederetur,
1005 4762 1056 4828 sed
1071 4764 1137 4814 Deus
1150 4760 1267 4814 ultoriae
1283 4779 1328 4814 non
1346 4760 1466 4830 permifits
