<?xml version="1.0" encoding="UTF-8"?>
<!DOCTYPE html PUBLIC "-//W3C//DTD XHTML 1.0 Transitional//EN"
    "http://www.w3.org/TR/xhtml1/DTD/xhtml1-transitional.dtd">
<html xmlns="http://www.w3.org/1999/xhtml" xml:lang="en" lang="en">
 <head>
  <title>
</title>
<meta http-equiv="Content-Type" content="text/html;charset=utf-8" />
  <meta name='ocr-system' content='tesseract 3.04.00' />
  <meta name='ocr-capabilities' content='ocr_page ocr_carea ocr_par ocr_line ocrx_word'/>
</head>
<body>
  <div class='ocr_page' id='page_1' title='image "./testimoniaminor01rhgoog_0245.png"; bbox 0 0 4362 6560; ppageno 0'>
   <div class='ocr_carea' id='block_1_1' title="bbox 573 996 1438 1127">
    <p class='ocr_par' dir='ltr' id='par_1_1' title="bbox 573 996 1438 1127">
     <span class='ocr_line' id='line_1_1' title="bbox 573 996 1438 1127; baseline -0.002 -37"><span class='ocrx_word' id='word_1_1' title='bbox 573 1028 669 1122; x_wconf 88' lang='lat'>105.</span> <span class='ocrx_word' id='word_1_2' title='bbox 707 997 914 1122; x_wconf 72' lang='lat' dir='ltr'>Caesarius</span> <span class='ocrx_word' id='word_1_3' title='bbox 946 996 1296 1127; x_wconf 80' lang='lat' dir='ltr'>Heiflerbacenſss.</span> <span class='ocrx_word' id='word_1_4' title='bbox 1360 997 1438 1120; x_wconf 86' lang='lat'>165</span> 
     </span>
    </p>
   </div>
   <div class='ocr_carea' id='block_1_2' title="bbox 298 1257 1449 4164">
    <p class='ocr_par' dir='ltr' id='par_1_2' title="bbox 298 1257 1446 3365">
     <span class='ocr_line' id='line_1_2' title="bbox 422 1257 1442 1346; baseline -0.004 -22"><span class='ocrx_word' id='word_1_5' title='bbox 422 1259 507 1326; x_wconf 86' lang='lat' dir='ltr'>srtate</span> <span class='ocrx_word' id='word_1_6' title='bbox 527 1259 710 1344; x_wconf 90' lang='lat' dir='ltr'>compulsus,</span> <span class='ocrx_word' id='word_1_7' title='bbox 717 1257 866 1325; x_wconf 84' lang='lat' dir='ltr'>consessus</span> <span class='ocrx_word' id='word_1_8' title='bbox 876 1261 919 1324; x_wconf 87' lang='lat' dir='ltr'>est</span> <span class='ocrx_word' id='word_1_9' title='bbox 932 1261 1037 1325; x_wconf 86' lang='lat' dir='ltr'>dicens</span> <span class='ocrx_word' id='word_1_10' title='bbox 1051 1283 1058 1324; x_wconf 92' lang='lat'>:</span> <span class='ocrx_word' id='word_1_11' title='bbox 1072 1285 1085 1320; x_wconf 79' lang='grc' dir='ltr'><strong><em>ι</em></strong></span> <span class='ocrx_word' id='word_1_12' title='bbox 1103 1259 1172 1346; x_wconf 88' lang='lat' dir='ltr'>Ego</span> <span class='ocrx_word' id='word_1_13' title='bbox 1187 1259 1251 1323; x_wconf 94' lang='lat' dir='ltr'>sum</span> <span class='ocrx_word' id='word_1_14' title='bbox 1270 1260 1442 1324; x_wconf 77' lang='lat' dir='ltr'>diabolus.»</span> 
     </span>
     <span class='ocr_line' id='line_1_3' title="bbox 421 1348 1442 1433; baseline -0.003 -18"><span class='ocrx_word' id='word_1_15' title='bbox 421 1350 473 1415; x_wconf 81' lang='lat' dir='ltr'>Ad</span> <span class='ocrx_word' id='word_1_16' title='bbox 489 1349 571 1433; x_wconf 92' lang='lat' dir='ltr'>quod</span> <span class='ocrx_word' id='word_1_17' title='bbox 586 1349 714 1412; x_wconf 90' lang='lat' dir='ltr'>verbum</span> <span class='ocrx_word' id='word_1_18' title='bbox 729 1349 780 1412; x_wconf 82' lang='lat' dir='ltr'>illa</span> <span class='ocrx_word' id='word_1_19' title='bbox 794 1348 1004 1432; x_wconf 85' lang='lat' dir='ltr'>expavescens,</span> <span class='ocrx_word' id='word_1_20' title='bbox 1018 1348 1187 1431; x_wconf 89' lang='lat' dir='ltr'>respondit:</span> <span class='ocrx_word' id='word_1_21' title='bbox 1204 1348 1274 1412; x_wconf 78' lang='lat' dir='ltr'>«Ut</span> <span class='ocrx_word' id='word_1_22' title='bbox 1282 1349 1355 1432; x_wconf 93' lang='lat' dir='ltr'>quid</span> <span class='ocrx_word' id='word_1_23' title='bbox 1371 1370 1442 1433; x_wconf 89' lang='lat' dir='ltr'>ergo</span> 
     </span>
     <span class='ocr_line' id='line_1_4' title="bbox 421 1436 1444 1590; baseline -0.002 -88"><span class='ocrx_word' id='word_1_24' title='bbox 421 1438 517 1588; x_wconf 43' lang='lat' dir='ltr'>erp-igis</span> <span class='ocrx_word' id='word_1_25' title='bbox 553 1436 671 1538; x_wconf 78' lang='lat' dir='ltr'>carnale</span> <span class='ocrx_word' id='word_1_26' title='bbox 703 1437 907 1590; x_wconf 52' lang='lat' dir='ltr'>esniufflunl’n</span> <span class='ocrx_word' id='word_1_27' title='bbox 923 1441 1005 1521; x_wconf 90' lang='lat' dir='ltr'>quod</span> <span class='ocrx_word' id='word_1_28' title='bbox 1028 1455 1147 1589; x_wconf 62' lang='lat' dir='ltr'>perure</span> <span class='ocrx_word' id='word_1_29' title='bbox 1174 1453 1225 1500; x_wconf 92' lang='lat' dir='ltr'>tue</span> <span class='ocrx_word' id='word_1_30' title='bbox 1258 1436 1444 1588; x_wconf 71' lang='lat' dir='ltr'>digppscitur</span> 
     </span>
     <span class='ocr_line' id='line_1_5' title="bbox 421 1541 1444 1589; baseline -0.001 0"><span class='ocrx_word' id='word_1_31' title='bbox 421 1547 480 1589; x_wconf 89' lang='lat' dir='ltr'>ee</span> <span class='ocrx_word' id='word_1_32' title='bbox 520 1541 762 1589; x_wconf 82' lang='lat' dir='ltr'>contrarium»</span> <span class='ocrx_word' id='word_1_33' title='bbox 834 1541 957 1589; x_wconf 91' lang='lat' dir='ltr'>tre:</span> <span class='ocrx_word' id='word_1_34' title='bbox 1001 1552 1015 1585; x_wconf 86' lang='lat'>‹</span> <span class='ocrx_word' id='word_1_35' title='bbox 1064 1549 1083 1588; x_wconf 91' lang='lat' dir='ltr'>u</span> <span class='ocrx_word' id='word_1_36' title='bbox 1119 1541 1307 1588; x_wconf 87' lang='lat' dir='ltr'>tantummr</span> <span class='ocrx_word' id='word_1_37' title='bbox 1368 1547 1444 1588; x_wconf 92' lang='lat' dir='ltr'>con-</span> 
     </span>
     <span class='ocr_line' id='line_1_6' title="bbox 421 1610 1442 1697; baseline 0.001 -21"><span class='ocrx_word' id='word_1_38' title='bbox 421 1613 506 1694; x_wconf 89' lang='lat' dir='ltr'>senti,</span> <span class='ocrx_word' id='word_1_39' title='bbox 519 1612 596 1677; x_wconf 89' lang='lat' dir='ltr'><strong>nihil</strong></span> <span class='ocrx_word' id='word_1_40' title='bbox 614 1613 695 1677; x_wconf 87' lang='lat' dir='ltr'>aliud</span> <span class='ocrx_word' id='word_1_41' title='bbox 717 1635 735 1676; x_wconf 99' lang='lat' dir='ltr'>a</span> <span class='ocrx_word' id='word_1_42' title='bbox 755 1630 785 1677; x_wconf 91' lang='lat' dir='ltr'>te</span> <span class='ocrx_word' id='word_1_43' title='bbox 805 1610 860 1677; x_wconf 85' lang='lat' dir='ltr'>nist</span> <span class='ocrx_word' id='word_1_44' title='bbox 881 1613 992 1697; x_wconf 88' lang='lat' dir='ltr'>copule</span> <span class='ocrx_word' id='word_1_45' title='bbox 1015 1613 1190 1676; x_wconf 89' lang='lat' dir='ltr'>consensum</span> <span class='ocrx_word' id='word_1_46' title='bbox 1207 1615 1368 1696; x_wconf 77' lang='lat' dir='ltr'>requiro.»</span> <span class='ocrx_word' id='word_1_47' title='bbox 1391 1614 1442 1677; x_wconf 92' lang='lat' dir='ltr'>Ad</span> 
     </span>
     <span class='ocr_line' id='line_1_7' title="bbox 421 1700 1442 1786; baseline -0.001 -23"><span class='ocrx_word' id='word_1_48' title='bbox 421 1707 504 1786; x_wconf 90' lang='lat' dir='ltr'>quod</span> <span class='ocrx_word' id='word_1_49' title='bbox 529 1700 630 1785; x_wconf 91' lang='lat' dir='ltr'>puella</span> <span class='ocrx_word' id='word_1_50' title='bbox 650 1702 825 1784; x_wconf 84' lang='lat' dir='ltr'>respondit:</span> <span class='ocrx_word' id='word_1_51' title='bbox 847 1727 860 1760; x_wconf 77' lang='grc' dir='ltr'><strong><em>ι</em></strong></span> <span class='ocrx_word' id='word_1_52' title='bbox 884 1702 987 1766; x_wconf 92' lang='lat' dir='ltr'>Modo</span> <span class='ocrx_word' id='word_1_53' title='bbox 1008 1703 1135 1764; x_wconf 90' lang='lat' dir='ltr'>omnino</span> <span class='ocrx_word' id='word_1_54' title='bbox 1150 1702 1204 1764; x_wconf 93' lang='lat' dir='ltr'>tibi</span> <span class='ocrx_word' id='word_1_55' title='bbox 1226 1702 1442 1781; x_wconf 83' lang='lat' dir='ltr'>contradico,›</span> 
     </span>
     <span class='ocr_line' id='line_1_8' title="bbox 421 1788 1444 1874; baseline -0.001 -20"><span class='ocrx_word' id='word_1_56' title='bbox 421 1791 527 1874; x_wconf 90' lang='lat' dir='ltr'>fugans</span> <span class='ocrx_word' id='word_1_57' title='bbox 551 1789 638 1852; x_wconf 90' lang='lat' dir='ltr'>illum</span> <span class='ocrx_word' id='word_1_58' title='bbox 660 1790 759 1853; x_wconf 73' lang='lat' dir='ltr'>sanste</span> <span class='ocrx_word' id='word_1_59' title='bbox 780 1791 879 1854; x_wconf 91' lang='lat' dir='ltr'>crucis</span> <span class='ocrx_word' id='word_1_60' title='bbox 900 1789 1063 1874; x_wconf 86' lang='lat' dir='ltr'>srgnaculo.</span> <span class='ocrx_word' id='word_1_61' title='bbox 1082 1788 1275 1873; x_wconf 88' lang='lat' dir='ltr'>Veniensque</span> <span class='ocrx_word' id='word_1_62' title='bbox 1290 1791 1327 1852; x_wconf 89' lang='lat' dir='ltr'>ad</span> <span class='ocrx_word' id='word_1_63' title='bbox 1348 1789 1444 1853; x_wconf 89' lang='lat' dir='ltr'>sacer-</span> 
     </span>
     <span class='ocr_line' id='line_1_9' title="bbox 422 1877 1444 1962; baseline 0 -20"><span class='ocrx_word' id='word_1_64' title='bbox 422 1880 536 1958; x_wconf 82' lang='lat' dir='ltr'>dotem,</span> <span class='ocrx_word' id='word_1_65' title='bbox 553 1877 700 1941; x_wconf 84' lang='lat' dir='ltr'>revelavit</span> <span class='ocrx_word' id='word_1_66' title='bbox 719 1879 762 1941; x_wconf 90' lang='lat' dir='ltr'>illi</span> <span class='ocrx_word' id='word_1_67' title='bbox 778 1880 919 1942; x_wconf 92' lang='lat' dir='ltr'>demonis</span> <span class='ocrx_word' id='word_1_68' title='bbox 939 1879 1077 1956; x_wconf 82' lang='lat' dir='ltr'>insrdias3</span> <span class='ocrx_word' id='word_1_69' title='bbox 1091 1901 1109 1941; x_wconf 89' lang='lat' dir='ltr'>a</span> <span class='ocrx_word' id='word_1_70' title='bbox 1122 1901 1184 1962; x_wconf 92' lang='lat' dir='ltr'>quo</span> <span class='ocrx_word' id='word_1_71' title='bbox 1196 1879 1263 1941; x_wconf 86' lang='lat' dir='ltr'>satis</span> <span class='ocrx_word' id='word_1_72' title='bbox 1272 1878 1392 1957; x_wconf 65' lang='lat' dir='ltr'>edocta,</span> <span class='ocrx_word' id='word_1_73' title='bbox 1404 1900 1444 1942; x_wconf 90' lang='lat' dir='ltr'>ne</span> 
     </span>
     <span class='ocr_line' id='line_1_10' title="bbox 422 1966 1443 2051; baseline 0 -21"><span class='ocrx_word' id='word_1_74' title='bbox 422 1966 558 2051; x_wconf 87' lang='lat' dir='ltr'>maligno</span> <span class='ocrx_word' id='word_1_75' title='bbox 579 1966 771 2047; x_wconf 87' lang='lat' dir='ltr'>consentiret,</span> <span class='ocrx_word' id='word_1_76' title='bbox 791 1967 908 2030; x_wconf 89' lang='lat' dir='ltr'>reversa</span> <span class='ocrx_word' id='word_1_77' title='bbox 927 1967 970 2030; x_wconf 90' lang='lat' dir='ltr'>est</span> <span class='ocrx_word' id='word_1_78' title='bbox 989 1968 1020 2030; x_wconf 93' lang='lat' dir='ltr'>in</span> <span class='ocrx_word' id='word_1_79' title='bbox 1053 1969 1179 2031; x_wconf 92' lang='lat' dir='ltr'>domum</span> <span class='ocrx_word' id='word_1_80' title='bbox 1203 1967 1295 2030; x_wconf 85' lang='lat' dir='ltr'>suam.</span> <span class='ocrx_word' id='word_1_81' title='bbox 1316 1967 1443 2030; x_wconf 90' lang='lat' dir='ltr'>Demon</span> 
     </span>
     <span class='ocr_line' id='line_1_11' title="bbox 421 2053 1445 2138; baseline 0.001 -21"><span class='ocrx_word' id='word_1_82' title='bbox 421 2076 494 2118; x_wconf 92' lang='lat' dir='ltr'>vero</span> <span class='ocrx_word' id='word_1_83' title='bbox 516 2055 583 2138; x_wconf 91' lang='lat' dir='ltr'>post</span> <span class='ocrx_word' id='word_1_84' title='bbox 608 2056 824 2119; x_wconf 79' lang='lat' dir='ltr'>confessionem</span> <span class='ocrx_word' id='word_1_85' title='bbox 848 2077 916 2118; x_wconf 88' lang='lat' dir='ltr'>eam</span> <span class='ocrx_word' id='word_1_86' title='bbox 940 2057 1067 2119; x_wconf 89' lang='lat' dir='ltr'>omnino</span> <span class='ocrx_word' id='word_1_87' title='bbox 1087 2077 1149 2118; x_wconf 92' lang='lat' dir='ltr'>non</span> <span class='ocrx_word' id='word_1_88' title='bbox 1169 2053 1314 2133; x_wconf 89' lang='lat' dir='ltr'>deserens,</span> <span class='ocrx_word' id='word_1_89' title='bbox 1334 2055 1372 2118; x_wconf 91' lang='lat' dir='ltr'>de</span> <span class='ocrx_word' id='word_1_90' title='bbox 1397 2077 1445 2118; x_wconf 90' lang='lat' dir='ltr'>re-</span> 
     </span>
     <span class='ocr_line' id='line_1_12' title="bbox 422 2142 1446 2226; baseline 0 -21"><span class='ocrx_word' id='word_1_91' title='bbox 422 2159 509 2206; x_wconf 92' lang='lat' dir='ltr'>moto</span> <span class='ocrx_word' id='word_1_92' title='bbox 524 2158 625 2205; x_wconf 90' lang='lat' dir='ltr'>tamen</span> <span class='ocrx_word' id='word_1_93' title='bbox 646 2142 815 2226; x_wconf 90' lang='lat' dir='ltr'>alloquens,</span> <span class='ocrx_word' id='word_1_94' title='bbox 829 2145 860 2206; x_wconf 93' lang='lat' dir='ltr'>in</span> <span class='ocrx_word' id='word_1_95' title='bbox 876 2160 994 2207; x_wconf 91' lang='lat' dir='ltr'>tanturn</span> <span class='ocrx_word' id='word_1_96' title='bbox 1013 2144 1096 2207; x_wconf 90' lang='lat' dir='ltr'>illam</span> <span class='ocrx_word' id='word_1_97' title='bbox 1114 2143 1244 2221; x_wconf 83' lang='lat' dir='ltr'>vexavit,</span> <span class='ocrx_word' id='word_1_98' title='bbox 1254 2156 1288 2204; x_wconf 91' lang='lat' dir='ltr'>ut</span> <span class='ocrx_word' id='word_1_99' title='bbox 1301 2142 1446 2225; x_wconf 89' lang='lat' dir='ltr'>quassibet</span> 
     </span>
     <span class='ocr_line' id='line_1_13' title="bbox 423 2230 1445 2296; baseline -0.001 -2"><span class='ocrx_word' id='word_1_100' title='bbox 423 2230 631 2294; x_wconf 89' lang='lat' dir='ltr'>immunditias</span> <span class='ocrx_word' id='word_1_101' title='bbox 652 2231 683 2293; x_wconf 89' lang='lat' dir='ltr'>in</span> <span class='ocrx_word' id='word_1_102' title='bbox 708 2232 773 2295; x_wconf 88' lang='lat' dir='ltr'>eius</span> <span class='ocrx_word' id='word_1_103' title='bbox 796 2232 951 2296; x_wconf 87' lang='lat' dir='ltr'>scutellam</span> <span class='ocrx_word' id='word_1_104' title='bbox 979 2235 1114 2296; x_wconf 89' lang='lat' dir='ltr'>mitteret</span> <span class='ocrx_word' id='word_1_105' title='bbox 1137 2253 1208 2293; x_wconf 92' lang='lat' dir='ltr'>curn</span> <span class='ocrx_word' id='word_1_106' title='bbox 1238 2231 1445 2294; x_wconf 84' lang='lat' dir='ltr'>manducaret.</span> 
     </span>
     <span class='ocr_line' id='line_1_14' title="bbox 423 2315 1445 2403; baseline -0.002 -20"><span class='ocrx_word' id='word_1_107' title='bbox 423 2319 517 2383; x_wconf 92' lang='lat' dir='ltr'>Unde</span> <span class='ocrx_word' id='word_1_108' title='bbox 537 2319 744 2382; x_wconf 85' lang='lat' dir='ltr'>&amp;mulierum</span> <span class='ocrx_word' id='word_1_109' title='bbox 758 2319 892 2383; x_wconf 91' lang='lat' dir='ltr'>custodie</span> <span class='ocrx_word' id='word_1_110' title='bbox 911 2322 938 2383; x_wconf 91' lang='lat' dir='ltr'>ei</span> <span class='ocrx_word' id='word_1_111' title='bbox 959 2321 1093 2384; x_wconf 88' lang='lat' dir='ltr'>adhibite</span> <span class='ocrx_word' id='word_1_112' title='bbox 1115 2319 1191 2382; x_wconf 90' lang='lat' dir='ltr'>sunt.</span> <span class='ocrx_word' id='word_1_113' title='bbox 1209 2315 1246 2381; x_wconf 93' lang='lat' dir='ltr'>In</span> <span class='ocrx_word' id='word_1_114' title='bbox 1263 2340 1445 2403; x_wconf 90' lang='lat' dir='ltr'>quacunque</span> 
     </span>
     <span class='ocr_line' id='line_1_15' title="bbox 298 2405 1446 2491; baseline -0.002 -21"><span class='ocrx_word' id='word_1_115' title='bbox 298 2421 350 2485; x_wconf 61' lang='lat' dir='ltr'>sp.</span> <span class='ocrx_word' id='word_1_116' title='bbox 364 2435 408 2483; x_wconf 82' lang='lat'>117</span> <span class='ocrx_word' id='word_1_117' title='bbox 422 2410 516 2469; x_wconf 90' lang='lat' dir='ltr'>domo</span> <span class='ocrx_word' id='word_1_118' title='bbox 531 2405 583 2469; x_wconf 91' lang='lat' dir='ltr'>illa</span> <span class='ocrx_word' id='word_1_119' title='bbox 597 2407 664 2486; x_wconf 83' lang='lat' dir='ltr'>suit,</span> <span class='ocrx_word' id='word_1_120' title='bbox 683 2406 745 2469; x_wconf 92' lang='lat' dir='ltr'>illic</span> <span class='ocrx_word' id='word_1_121' title='bbox 765 2408 877 2471; x_wconf 91' lang='lat' dir='ltr'>demon</span> <span class='ocrx_word' id='word_1_122' title='bbox 893 2409 1031 2491; x_wconf 89' lang='lat' dir='ltr'>responsa</span> <span class='ocrx_word' id='word_1_123' title='bbox 1047 2408 1139 2471; x_wconf 82' lang='lat' dir='ltr'>dedit</span> <span class='ocrx_word' id='word_1_124' title='bbox 1154 2407 1206 2470; x_wconf 91' lang='lat' dir='ltr'>Ab</span> <span class='ocrx_word' id='word_1_125' title='bbox 1220 2407 1363 2471; x_wconf 90' lang='lat' dir='ltr'>omnibus</span> <span class='ocrx_word' id='word_1_126' title='bbox 1377 2408 1446 2490; x_wconf 92' lang='lat' dir='ltr'>qui-</span> 
     </span>
     <span class='ocr_line' id='line_1_16' title="bbox 422 2494 1446 2578; baseline 0 -22"><span class='ocrx_word' id='word_1_127' title='bbox 422 2497 492 2556; x_wconf 90' lang='lat' dir='ltr'>dem</span> <span class='ocrx_word' id='word_1_128' title='bbox 503 2495 692 2573; x_wconf 88' lang='lat' dir='ltr'>audiebatur,</span> <span class='ocrx_word' id='word_1_129' title='bbox 706 2494 753 2558; x_wconf 91' lang='lat' dir='ltr'>sed</span> <span class='ocrx_word' id='word_1_130' title='bbox 766 2516 784 2556; x_wconf 91' lang='lat' dir='ltr'>a</span> <span class='ocrx_word' id='word_1_131' title='bbox 797 2495 859 2558; x_wconf 94' lang='lat' dir='ltr'>sola</span> <span class='ocrx_word' id='word_1_132' title='bbox 873 2496 975 2578; x_wconf 88' lang='lat' dir='ltr'>puella</span> <span class='ocrx_word' id='word_1_133' title='bbox 984 2497 1151 2559; x_wconf 85' lang='lat' dir='ltr'>videbatur.</span> <span class='ocrx_word' id='word_1_134' title='bbox 1166 2494 1300 2577; x_wconf 88' lang='lat' dir='ltr'>Eratque</span> <span class='ocrx_word' id='word_1_135' title='bbox 1314 2509 1376 2557; x_wconf 91' lang='lat' dir='ltr'>tam</span> <span class='ocrx_word' id='word_1_136' title='bbox 1391 2516 1446 2557; x_wconf 93' lang='lat' dir='ltr'>ne-</span> 
     </span>
     <span class='ocr_line' id='line_1_17' title="bbox 422 2583 1446 2668; baseline 0 -24"><span class='ocrx_word' id='word_1_137' title='bbox 422 2603 514 2665; x_wconf 88' lang='lat' dir='ltr'>quam</span> <span class='ocrx_word' id='word_1_138' title='bbox 539 2583 620 2645; x_wconf 90' lang='lat' dir='ltr'>idem</span> <span class='ocrx_word' id='word_1_139' title='bbox 644 2583 773 2665; x_wconf 85' lang='lat' dir='ltr'>spiritus,</span> <span class='ocrx_word' id='word_1_140' title='bbox 793 2599 827 2646; x_wconf 92' lang='lat' dir='ltr'>ut</span> <span class='ocrx_word' id='word_1_141' title='bbox 849 2585 1032 2666; x_wconf 90' lang='lat' dir='ltr'>presentium</span> <span class='ocrx_word' id='word_1_142' title='bbox 1054 2600 1178 2668; x_wconf 89' lang='lat' dir='ltr'>peccata</span> <span class='ocrx_word' id='word_1_143' title='bbox 1198 2583 1360 2666; x_wconf 84' lang='lat' dir='ltr'>detegeret,</span> <span class='ocrx_word' id='word_1_144' title='bbox 1385 2583 1446 2645; x_wconf 91' lang='lat' dir='ltr'>cri-</span> 
     </span>
     <span class='ocr_line' id='line_1_18' title="bbox 421 2668 1445 2756; baseline 0 -24"><span class='ocrx_word' id='word_1_145' title='bbox 421 2671 505 2733; x_wconf 89' lang='lat' dir='ltr'>mina</span> <span class='ocrx_word' id='word_1_146' title='bbox 519 2669 749 2754; x_wconf 84' lang='lat' dir='ltr'>improperaret,</span> <span class='ocrx_word' id='word_1_147' title='bbox 767 2693 824 2735; x_wconf 92' lang='lat' dir='ltr'>nec</span> <span class='ocrx_word' id='word_1_148' title='bbox 845 2672 969 2756; x_wconf 86' lang='lat' dir='ltr'>aliquod</span> <span class='ocrx_word' id='word_1_149' title='bbox 992 2689 1151 2756; x_wconf 89' lang='lat' dir='ltr'>peccatum</span> <span class='ocrx_word' id='word_1_150' title='bbox 1171 2692 1242 2733; x_wconf 91' lang='lat' dir='ltr'>eum</span> <span class='ocrx_word' id='word_1_151' title='bbox 1263 2671 1380 2749; x_wconf 89' lang='lat' dir='ltr'>lateret,</span> <span class='ocrx_word' id='word_1_152' title='bbox 1390 2668 1445 2733; x_wconf 86' lang='lat' dir='ltr'>nili</span> 
     </span>
     <span class='ocr_line' id='line_1_19' title="bbox 443 2757 1445 2844; baseline -0.001 -24"><span class='ocrx_word' id='word_1_153' title='bbox 443 2759 505 2821; x_wconf 91' lang='lat' dir='ltr'>uod</span> <span class='ocrx_word' id='word_1_154' title='bbox 520 2779 592 2821; x_wconf 93' lang='lat' dir='ltr'>vera</span> <span class='ocrx_word' id='word_1_155' title='bbox 612 2758 755 2820; x_wconf 88' lang='lat' dir='ltr'>conseffio</span> <span class='ocrx_word' id='word_1_156' title='bbox 777 2775 901 2843; x_wconf 86' lang='lat' dir='ltr'>tegeret.</span> <span class='ocrx_word' id='word_1_157' title='bbox 924 2759 1070 2825; x_wconf 90' lang='lat' dir='ltr'>Ostendit</span> <span class='ocrx_word' id='word_1_158' title='bbox 1091 2759 1194 2823; x_wconf 89' lang='lat' dir='ltr'>&amp;alia</span> <span class='ocrx_word' id='word_1_159' title='bbox 1214 2757 1296 2844; x_wconf 89' lang='lat' dir='ltr'>figna</span> <span class='ocrx_word' id='word_1_160' title='bbox 1308 2757 1445 2841; x_wconf 89' lang='lat' dir='ltr'>nequitie</span> 
     </span>
     <span class='ocr_line' id='line_1_20' title="bbox 421 2779 1446 2930; baseline 0.002 -26"><span class='ocrx_word' id='word_1_161' title='bbox 421 2779 480 2906; x_wconf 74' lang='lat' dir='ltr'>sue.</span> <span class='ocrx_word' id='word_1_162' title='bbox 495 2843 642 2924; x_wconf 90' lang='lat' dir='ltr'>Stercora,</span> <span class='ocrx_word' id='word_1_163' title='bbox 659 2845 790 2929; x_wconf 88' lang='lat' dir='ltr'>aliasque</span> <span class='ocrx_word' id='word_1_164' title='bbox 814 2847 984 2911; x_wconf 69' lang='lat' dir='ltr'>confraslas</span> <span class='ocrx_word' id='word_1_165' title='bbox 999 2847 1072 2909; x_wconf 90' lang='lat' dir='ltr'>fimo</span> <span class='ocrx_word' id='word_1_166' title='bbox 1096 2847 1210 2930; x_wconf 86' lang='lat' dir='ltr'>plenas,</span> <span class='ocrx_word' id='word_1_167' title='bbox 1227 2847 1313 2928; x_wconf 90' lang='lat' dir='ltr'>super</span> <span class='ocrx_word' id='word_1_168' title='bbox 1329 2844 1446 2908; x_wconf 88' lang='lat' dir='ltr'>conflu-</span> 
     </span>
     <span class='ocr_line' id='line_1_21' title="bbox 421 2929 1446 3019; baseline 0 -25"><span class='ocrx_word' id='word_1_169' title='bbox 421 2947 507 2995; x_wconf 84' lang='lat' dir='ltr'>entes</span> <span class='ocrx_word' id='word_1_170' title='bbox 520 2932 685 3018; x_wconf 82' lang='lat' dir='ltr'>spargebat.</span> <span class='ocrx_word' id='word_1_171' title='bbox 701 2931 855 2998; x_wconf 86' lang='lat' dir='ltr'>Dixerunt</span> <span class='ocrx_word' id='word_1_172' title='bbox 866 2936 894 2998; x_wconf 91' lang='lat' dir='ltr'>ei</span> <span class='ocrx_word' id='word_1_173' title='bbox 909 2936 1049 3019; x_wconf 89' lang='lat' dir='ltr'>quidam:</span> <span class='ocrx_word' id='word_1_174' title='bbox 1066 2934 1218 3014; x_wconf 81' lang='lat' dir='ltr'>‹Nosti,o</span> <span class='ocrx_word' id='word_1_175' title='bbox 1232 2932 1362 3012; x_wconf 83' lang='lat' dir='ltr'>diabole,</span> <span class='ocrx_word' id='word_1_176' title='bbox 1374 2929 1446 2995; x_wconf 95' lang='lat' dir='ltr'>Do-</span> 
     </span>
     <span class='ocr_line' id='line_1_22' title="bbox 424 3020 1446 3107; baseline 0.001 -26"><span class='ocrx_word' id='word_1_177' title='bbox 424 3020 568 3083; x_wconf 89' lang='lat' dir='ltr'>minicam</span> <span class='ocrx_word' id='word_1_178' title='bbox 578 3023 749 3086; x_wconf 90' lang='lat' dir='ltr'>orationem</span> <span class='ocrx_word' id='word_1_179' title='bbox 759 3021 790 3084; x_wconf 77' lang='lat' dir='ltr'>l»</span> <span class='ocrx_word' id='word_1_180' title='bbox 803 3023 1019 3105; x_wconf 89' lang='lat' dir='ltr'>Respondente</span> <span class='ocrx_word' id='word_1_181' title='bbox 1033 3023 1100 3086; x_wconf 90' lang='lat' dir='ltr'>illo:</span> <span class='ocrx_word' id='word_1_182' title='bbox 1111 3051 1124 3081; x_wconf 90' lang='lat'>‹</span> <span class='ocrx_word' id='word_1_183' title='bbox 1136 3023 1267 3107; x_wconf 90' lang='lat' dir='ltr'>Optime</span> <span class='ocrx_word' id='word_1_184' title='bbox 1282 3022 1376 3100; x_wconf 82' lang='lat' dir='ltr'>sci0‚»</span> <span class='ocrx_word' id='word_1_185' title='bbox 1393 3041 1446 3082; x_wconf 92' lang='lat' dir='ltr'>ro·</span> 
     </span>
     <span class='ocr_line' id='line_1_23' title="bbox 421 3108 1445 3195; baseline -0.001 -25"><span class='ocrx_word' id='word_1_186' title='bbox 421 3124 508 3190; x_wconf 85' lang='lat' dir='ltr'>gatus</span> <span class='ocrx_word' id='word_1_187' title='bbox 522 3108 566 3171; x_wconf 88' lang='lat' dir='ltr'>est</span> <span class='ocrx_word' id='word_1_188' title='bbox 576 3108 659 3171; x_wconf 86' lang='lat' dir='ltr'>illam</span> <span class='ocrx_word' id='word_1_189' title='bbox 673 3110 785 3173; x_wconf 89' lang='lat' dir='ltr'>dicere.</span> <span class='ocrx_word' id='word_1_190' title='bbox 799 3110 842 3173; x_wconf 91' lang='lat' dir='ltr'>Et</span> <span class='ocrx_word' id='word_1_191' title='bbox 854 3113 914 3174; x_wconf 90' lang='lat' dir='ltr'>ait:</span> <span class='ocrx_word' id='word_1_192' title='bbox 932 3137 944 3168; x_wconf 87' lang='lat'>‹</span> <span class='ocrx_word' id='word_1_193' title='bbox 960 3109 1049 3175; x_wconf 91' lang='lat' dir='ltr'>Pater</span> <span class='ocrx_word' id='word_1_194' title='bbox 1059 3113 1170 3192; x_wconf 91' lang='lat' dir='ltr'>noster,</span> <span class='ocrx_word' id='word_1_195' title='bbox 1184 3112 1280 3195; x_wconf 89' lang='lat' dir='ltr'>quies</span> <span class='ocrx_word' id='word_1_196' title='bbox 1292 3111 1323 3172; x_wconf 94' lang='lat' dir='ltr'>in</span> <span class='ocrx_word' id='word_1_197' title='bbox 1334 3109 1445 3188; x_wconf 90' lang='lat' dir='ltr'>celum,</span> 
     </span>
     <span class='ocr_line' id='line_1_24' title="bbox 421 3195 1446 3282; baseline -0.001 -24"><span class='ocrx_word' id='word_1_198' title='bbox 421 3216 537 3259; x_wconf 90' lang='lat' dir='ltr'>nomen</span> <span class='ocrx_word' id='word_1_199' title='bbox 551 3213 648 3277; x_wconf 91' lang='lat' dir='ltr'>tuum,</span> <span class='ocrx_word' id='word_1_200' title='bbox 661 3195 713 3260; x_wconf 83' lang='lat' dir='ltr'>fiat</span> <span class='ocrx_word' id='word_1_201' title='bbox 728 3197 868 3262; x_wconf 86' lang='lat' dir='ltr'>voluntas</span> <span class='ocrx_word' id='word_1_202' title='bbox 889 3199 919 3262; x_wconf 76' lang='grc' dir='ltr'>δι</span> <span class='ocrx_word' id='word_1_203' title='bbox 936 3199 967 3262; x_wconf 93' lang='lat' dir='ltr'>in</span> <span class='ocrx_word' id='word_1_204' title='bbox 982 3213 1070 3279; x_wconf 84' lang='lat' dir='ltr'>terra,</span> <span class='ocrx_word' id='word_1_205' title='bbox 1084 3220 1196 3282; x_wconf 89' lang='lat' dir='ltr'>panem</span> <span class='ocrx_word' id='word_1_206' title='bbox 1216 3196 1353 3262; x_wconf 91' lang='lat' dir='ltr'>nostrum</span> <span class='ocrx_word' id='word_1_207' title='bbox 1368 3217 1446 3280; x_wconf 91' lang='lat' dir='ltr'>quo-</span> 
     </span>
     <span class='ocr_line' id='line_1_25' title="bbox 423 3284 1226 3365; baseline -0.004 -17"><span class='ocrx_word' id='word_1_208' title='bbox 423 3284 551 3348; x_wconf 88' lang='lat' dir='ltr'>tidianes</span> <span class='ocrx_word' id='word_1_209' title='bbox 562 3285 600 3347; x_wconf 86' lang='lat' dir='ltr'>da</span> <span class='ocrx_word' id='word_1_210' title='bbox 610 3285 700 3349; x_wconf 88' lang='lat' dir='ltr'>nobis</span> <span class='ocrx_word' id='word_1_211' title='bbox 714 3286 817 3365; x_wconf 92' lang='lat' dir='ltr'>bodie,</span> <span class='ocrx_word' id='word_1_212' title='bbox 831 3287 879 3350; x_wconf 92' lang='lat' dir='ltr'>sed</span> <span class='ocrx_word' id='word_1_213' title='bbox 895 3287 987 3351; x_wconf 90' lang='lat' dir='ltr'>libera</span> <span class='ocrx_word' id='word_1_214' title='bbox 1000 3310 1058 3352; x_wconf 86' lang='lat' dir='ltr'>nos</span> <span class='ocrx_word' id='word_1_215' title='bbox 1072 3309 1090 3350; x_wconf 92' lang='lat' dir='ltr'>a</span> <span class='ocrx_word' id='word_1_216' title='bbox 1104 3287 1195 3350; x_wconf 90' lang='lat' dir='ltr'>malo.</span> <span class='ocrx_word' id='word_1_217' title='bbox 1213 3312 1226 3345; x_wconf 84' lang='lat'><strong>›</strong></span> 
     </span>
    </p>

    <p class='ocr_par' dir='ltr' id='par_1_3' title="bbox 420 3371 1449 4164">
     <span class='ocr_line' id='line_1_26' title="bbox 461 3371 1446 3456; baseline -0.002 -20"><span class='ocrx_word' id='word_1_218' title='bbox 461 3371 589 3436; x_wconf 90' lang='lat' dir='ltr'>Etcum</span> <span class='ocrx_word' id='word_1_219' title='bbox 604 3373 706 3455; x_wconf 90' lang='lat' dir='ltr'>plures</span> <span class='ocrx_word' id='word_1_220' title='bbox 720 3375 752 3436; x_wconf 92' lang='lat' dir='ltr'>in</span> <span class='ocrx_word' id='word_1_221' title='bbox 766 3375 874 3436; x_wconf 90' lang='lat' dir='ltr'>eadem</span> <span class='ocrx_word' id='word_1_222' title='bbox 888 3376 1027 3438; x_wconf 86' lang='lat' dir='ltr'>oratione</span> <span class='ocrx_word' id='word_1_223' title='bbox 1040 3373 1155 3438; x_wconf 82' lang='lat' dir='ltr'>fecisset</span> <span class='ocrx_word' id='word_1_224' title='bbox 1168 3374 1257 3437; x_wconf 85' lang='lat' dir='ltr'>saltus</span> <span class='ocrx_word' id='word_1_225' title='bbox 1271 3388 1363 3456; x_wconf 86' lang='lat' dir='ltr'>atque</span> <span class='ocrx_word' id='word_1_226' title='bbox 1380 3372 1446 3434; x_wconf 86' lang='lat' dir='ltr'>bar·</span> 
     </span>
     <span class='ocr_line' id='line_1_27' title="bbox 422 3460 1446 3540; baseline 0 -16"><span class='ocrx_word' id='word_1_227' title='bbox 422 3460 575 3540; x_wconf 91' lang='lat' dir='ltr'>barismos,</span> <span class='ocrx_word' id='word_1_228' title='bbox 589 3463 800 3524; x_wconf 89' lang='lat' dir='ltr'>cachinnando</span> <span class='ocrx_word' id='word_1_229' title='bbox 820 3462 992 3526; x_wconf 86' lang='lat' dir='ltr'>subiunxit:</span> <span class='ocrx_word' id='word_1_230' title='bbox 1010 3461 1118 3526; x_wconf 77' lang='lat' dir='ltr'>&lt;Ecce</span> <span class='ocrx_word' id='word_1_231' title='bbox 1131 3461 1171 3525; x_wconf 88' lang='lat' dir='ltr'>fic</span> <span class='ocrx_word' id='word_1_232' title='bbox 1190 3482 1245 3524; x_wconf 86' lang='lat' dir='ltr'>vos</span> <span class='ocrx_word' id='word_1_233' title='bbox 1255 3462 1325 3524; x_wconf 87' lang='lat' dir='ltr'>laici</span> <span class='ocrx_word' id='word_1_234' title='bbox 1346 3461 1446 3524; x_wconf 89' lang='lat' dir='ltr'>dicere</span> 
     </span>
     <span class='ocr_line' id='line_1_28' title="bbox 421 3548 1449 3634; baseline -0.002 -22"><span class='ocrx_word' id='word_1_235' title='bbox 421 3549 521 3613; x_wconf 88' lang='lat' dir='ltr'>soletis</span> <span class='ocrx_word' id='word_1_236' title='bbox 528 3552 699 3613; x_wconf 89' lang='lat' dir='ltr'>orationem</span> <span class='ocrx_word' id='word_1_237' title='bbox 708 3549 845 3612; x_wconf 85' lang='lat' dir='ltr'>vestram.</span> <span class='ocrx_word' id='word_1_238' title='bbox 857 3575 869 3606; x_wconf 70' lang='grc' dir='ltr'><strong>ι</strong></span> <span class='ocrx_word' id='word_1_239' title='bbox 880 3549 1054 3634; x_wconf 81' lang='lat' dir='ltr'>Requisrtus</span> <span class='ocrx_word' id='word_1_240' title='bbox 1065 3552 1157 3614; x_wconf 90' lang='lat' dir='ltr'>etiam</span> <span class='ocrx_word' id='word_1_241' title='bbox 1168 3551 1206 3614; x_wconf 93' lang='lat' dir='ltr'>de</span> <span class='ocrx_word' id='word_1_242' title='bbox 1218 3548 1365 3634; x_wconf 89' lang='lat' dir='ltr'>symbolo,</span> <span class='ocrx_word' id='word_1_243' title='bbox 1371 3548 1449 3610; x_wconf 86' lang='lat' dir='ltr'>dixit</span> 
     </span>
     <span class='ocr_line' id='line_1_29' title="bbox 422 3636 1446 3721; baseline -0.002 -21"><span class='ocrx_word' id='word_1_244' title='bbox 422 3636 450 3701; x_wconf 90' lang='lat' dir='ltr'>se</span> <span class='ocrx_word' id='word_1_245' title='bbox 464 3639 542 3702; x_wconf 90' lang='lat' dir='ltr'>bene</span> <span class='ocrx_word' id='word_1_246' title='bbox 556 3638 586 3702; x_wconf 79' lang='lat' dir='ltr'>dr</span> <span class='ocrx_word' id='word_1_247' title='bbox 600 3639 717 3720; x_wconf 93' lang='lat' dir='ltr'>optime</span> <span class='ocrx_word' id='word_1_248' title='bbox 729 3638 811 3716; x_wconf 92' lang='lat' dir='ltr'>scire,</span> <span class='ocrx_word' id='word_1_249' title='bbox 825 3637 864 3700; x_wconf 82' lang='lat' dir='ltr'>src</span> <span class='ocrx_word' id='word_1_250' title='bbox 878 3638 1047 3721; x_wconf 89' lang='lat' dir='ltr'>incipiens:</span> <span class='ocrx_word' id='word_1_251' title='bbox 1066 3664 1077 3697; x_wconf 76' lang='grc' dir='ltr'><strong><em>ι</em></strong></span> <span class='ocrx_word' id='word_1_252' title='bbox 1093 3638 1198 3702; x_wconf 91' lang='lat' dir='ltr'>Credo</span> <span class='ocrx_word' id='word_1_253' title='bbox 1214 3637 1320 3700; x_wconf 88' lang='lat' dir='ltr'>Deum</span> <span class='ocrx_word' id='word_1_254' title='bbox 1329 3653 1446 3720; x_wconf 89' lang='lat' dir='ltr'>patrem</span> 
     </span>
     <span class='ocr_line' id='line_1_30' title="bbox 422 3726 1447 3810; baseline -0.002 -21"><span class='ocrx_word' id='word_1_255' title='bbox 422 3728 699 3809; x_wconf 79' lang='lat' dir='ltr'>omnipotentem.»</span> <span class='ocrx_word' id='word_1_256' title='bbox 713 3726 774 3791; x_wconf 89' lang='lat' dir='ltr'>Cui</span> <span class='ocrx_word' id='word_1_257' title='bbox 785 3747 855 3789; x_wconf 90' lang='lat' dir='ltr'>cum</span> <span class='ocrx_word' id='word_1_258' title='bbox 871 3726 995 3810; x_wconf 92' lang='lat' dir='ltr'>quidem</span> <span class='ocrx_word' id='word_1_259' title='bbox 1010 3727 1163 3790; x_wconf 87' lang='lat' dir='ltr'>dicerent:</span> <span class='ocrx_word' id='word_1_260' title='bbox 1181 3753 1193 3786; x_wconf 73' lang='lat' dir='ltr'>r</span> <span class='ocrx_word' id='word_1_261' title='bbox 1213 3727 1327 3791; x_wconf 91' lang='lat' dir='ltr'>Dicere</span> <span class='ocrx_word' id='word_1_262' title='bbox 1344 3726 1447 3805; x_wconf 90' lang='lat' dir='ltr'>debes,</span> 
     </span>
     <span class='ocr_line' id='line_1_31' title="bbox 422 3813 1447 3899; baseline -0.003 -19"><span class='ocrx_word' id='word_1_263' title='bbox 422 3816 527 3881; x_wconf 90' lang='lat' dir='ltr'>Credo</span> <span class='ocrx_word' id='word_1_264' title='bbox 542 3817 573 3879; x_wconf 91' lang='lat' dir='ltr'>in</span> <span class='ocrx_word' id='word_1_265' title='bbox 589 3814 720 3895; x_wconf 71' lang='lat' dir='ltr'>Deum»</span> <span class='ocrx_word' id='word_1_266' title='bbox 737 3814 850 3899; x_wconf 89' lang='lat' dir='ltr'>illeque</span> <span class='ocrx_word' id='word_1_267' title='bbox 861 3815 1070 3898; x_wconf 92' lang='lat' dir='ltr'>subiungeret:</span> <span class='ocrx_word' id='word_1_268' title='bbox 1095 3843 1108 3874; x_wconf 88' lang='lat'><strong>‹</strong></span> <span class='ocrx_word' id='word_1_269' title='bbox 1126 3815 1230 3881; x_wconf 91' lang='lat' dir='ltr'>Credo</span> <span class='ocrx_word' id='word_1_270' title='bbox 1247 3813 1336 3893; x_wconf 85' lang='lat' dir='ltr'>Deo;</span> <span class='ocrx_word' id='word_1_271' title='bbox 1353 3840 1365 3873; x_wconf 88' lang='lat'><strong>›</strong></span> <span class='ocrx_word' id='word_1_272' title='bbox 1389 3815 1447 3877; x_wconf 91' lang='lat' dir='ltr'>viri</span> 
     </span>
     <span class='ocr_line' id='line_1_32' title="bbox 422 3902 1447 3987; baseline 0 -21"><span class='ocrx_word' id='word_1_273' title='bbox 422 3904 542 3983; x_wconf 89' lang='lat' dir='ltr'>literati,</span> <span class='ocrx_word' id='word_1_274' title='bbox 556 3905 608 3987; x_wconf 92' lang='lat' dir='ltr'>qui</span> <span class='ocrx_word' id='word_1_275' title='bbox 623 3919 696 3967; x_wconf 90' lang='lat' dir='ltr'>tunc</span> <span class='ocrx_word' id='word_1_276' title='bbox 707 3919 794 3967; x_wconf 89' lang='lat' dir='ltr'>erant</span> <span class='ocrx_word' id='word_1_277' title='bbox 807 3902 966 3985; x_wconf 83' lang='lat' dir='ltr'>presentes,</span> <span class='ocrx_word' id='word_1_278' title='bbox 981 3904 1095 3966; x_wconf 87' lang='lat' dir='ltr'>diaboli</span> <span class='ocrx_word' id='word_1_279' title='bbox 1111 3904 1237 3967; x_wconf 85' lang='lat' dir='ltr'>verbum</span> <span class='ocrx_word' id='word_1_280' title='bbox 1251 3919 1402 3983; x_wconf 91' lang='lat' dir='ltr'>notantes,</span> <span class='ocrx_word' id='word_1_281' title='bbox 1417 3903 1447 3967; x_wconf 80' lang='lat' dir='ltr'>dr</span> 
     </span>
     <span class='ocr_line' id='line_1_33' title="bbox 420 3990 1445 4074; baseline 0 -20"><span class='ocrx_word' id='word_1_282' title='bbox 420 3994 485 4056; x_wconf 88' lang='lat' dir='ltr'>vim</span> <span class='ocrx_word' id='word_1_283' title='bbox 499 3990 657 4055; x_wconf 85' lang='lat' dir='ltr'>accusativi</span> <span class='ocrx_word' id='word_1_284' title='bbox 672 3990 886 4074; x_wconf 85' lang='lat' dir='ltr'>intelligentes,</span> <span class='ocrx_word' id='word_1_285' title='bbox 900 3991 1092 4056; x_wconf 89' lang='lat' dir='ltr'>instituerunt</span> <span class='ocrx_word' id='word_1_286' title='bbox 1103 3992 1260 4056; x_wconf 87' lang='lat' dir='ltr'>utdiceret</span> <span class='ocrx_word' id='word_1_287' title='bbox 1273 4019 1285 4050; x_wconf 87' lang='lat'>‹</span> <span class='ocrx_word' id='word_1_288' title='bbox 1298 3992 1402 4058; x_wconf 93' lang='lat' dir='ltr'>Credo</span> <span class='ocrx_word' id='word_1_289' title='bbox 1414 3993 1445 4054; x_wconf 92' lang='lat' dir='ltr'>in</span> 
     </span>
     <span class='ocr_line' id='line_1_34' title="bbox 422 4079 1235 4164; baseline -0.002 -18"><span class='ocrx_word' id='word_1_290' title='bbox 422 4081 562 4146; x_wconf 76' lang='lat' dir='ltr'>Deum.»</span> <span class='ocrx_word' id='word_1_291' title='bbox 579 4079 621 4143; x_wconf 90' lang='lat' dir='ltr'>Et</span> <span class='ocrx_word' id='word_1_292' title='bbox 633 4101 697 4142; x_wconf 91' lang='lat' dir='ltr'>non</span> <span class='ocrx_word' id='word_1_293' title='bbox 712 4096 854 4164; x_wconf 91' lang='lat' dir='ltr'>poterant</span> <span class='ocrx_word' id='word_1_294' title='bbox 868 4100 939 4143; x_wconf 90' lang='lat' dir='ltr'>eum</span> <span class='ocrx_word' id='word_1_295' title='bbox 953 4080 990 4144; x_wconf 88' lang='lat' dir='ltr'>ad</span> <span class='ocrx_word' id='word_1_296' title='bbox 1006 4080 1066 4144; x_wconf 91' lang='lat' dir='ltr'>hoc</span> <span class='ocrx_word' id='word_1_297' title='bbox 1081 4080 1235 4144; x_wconf 89' lang='lat' dir='ltr'>inducere.</span> 
     </span>
    </p>
   </div>
   <div class='ocr_carea' id='block_1_3' title="bbox 870 4282 1006 4348">
    <p class='ocr_par' dir='ltr' id='par_1_4' title="bbox 870 4282 1006 4348">
     <span class='ocr_line' id='line_1_35' title="bbox 870 4282 1006 4348; baseline 0 -13"><span class='ocrx_word' id='word_1_298' title='bbox 870 4282 1006 4348; x_wconf 69' lang='lat' dir='ltr'>men.</span> 
     </span>
    </p>
   </div>
   <div class='ocr_carea' id='block_1_4' title="bbox 299 4409 1446 4590">
    <p class='ocr_par' dir='ltr' id='par_1_5' title="bbox 299 4409 1446 4590">
     <span class='ocr_line' id='line_1_36' title="bbox 299 4409 1446 4500; baseline -0.004 -22"><span class='ocrx_word' id='word_1_299' title='bbox 299 4428 352 4494; x_wconf 76' lang='lat' dir='ltr'>1,p.</span> <span class='ocrx_word' id='word_1_300' title='bbox 364 4431 409 4492; x_wconf 78' lang='lat'>136</span> <span class='ocrx_word' id='word_1_301' title='bbox 422 4413 471 4477; x_wconf 86' lang='lat' dir='ltr'>De</span> <span class='ocrx_word' id='word_1_302' title='bbox 480 4413 636 4500; x_wconf 79' lang='lat' dir='ltr'>peregrinis</span> <span class='ocrx_word' id='word_1_303' title='bbox 649 4412 697 4494; x_wconf 81' lang='lat' dir='ltr'>qui</span> <span class='ocrx_word' id='word_1_304' title='bbox 706 4425 822 4497; x_wconf 80' lang='lat' dir='ltr'>propter</span> <span class='ocrx_word' id='word_1_305' title='bbox 830 4425 947 4496; x_wconf 81' lang='lat' dir='ltr'>peccata</span> <span class='ocrx_word' id='word_1_306' title='bbox 963 4413 1043 4474; x_wconf 84' lang='lat' dir='ltr'>unius</span> <span class='ocrx_word' id='word_1_307' title='bbox 1056 4409 1169 4474; x_wconf 84' lang='lat' dir='ltr'>bominis</span> <span class='ocrx_word' id='word_1_308' title='bbox 1189 4413 1219 4473; x_wconf 86' lang='lat' dir='ltr'>in</span> <span class='ocrx_word' id='word_1_309' title='bbox 1232 4411 1310 4474; x_wconf 85' lang='lat' dir='ltr'>mari</span> <span class='ocrx_word' id='word_1_310' title='bbox 1332 4410 1446 4496; x_wconf 80' lang='lat' dir='ltr'>pericli-</span> 
     </span>
     <span class='ocr_line' id='line_1_37' title="bbox 652 4499 1220 4590; baseline -0.004 -26"><span class='ocrx_word' id='word_1_311' title='bbox 652 4501 707 4564; x_wconf 84' lang='lat' dir='ltr'>tari</span> <span class='ocrx_word' id='word_1_312' title='bbox 719 4500 836 4590; x_wconf 69' lang='lat' dir='ltr'>eiusdem</span> <span class='ocrx_word' id='word_1_313' title='bbox 850 4500 1006 4586; x_wconf 77' lang='lat' dir='ltr'>consefflone</span> <span class='ocrx_word' id='word_1_314' title='bbox 1016 4501 1086 4587; x_wconf 79' lang='lat' dir='ltr'>sunt</span> <span class='ocrx_word' id='word_1_315' title='bbox 1100 4499 1220 4563; x_wconf 80' lang='lat' dir='ltr'>liberati.</span> 
     </span>
    </p>
   </div>
   <div class='ocr_carea' id='block_1_5' title="bbox 424 4652 1445 4828">
    <p class='ocr_par' dir='ltr' id='par_1_6' title="bbox 424 4652 1445 4828">
     <span class='ocr_line' id='line_1_38' title="bbox 463 4652 1445 4742; baseline -0.002 -20"><span class='ocrx_word' id='word_1_316' title='bbox 463 4657 759 4742; x_wconf 89' lang='lat' dir='ltr'>Peregriniquidam,</span> <span class='ocrx_word' id='word_1_317' title='bbox 768 4654 1148 4742; x_wconf 86' lang='lat' dir='ltr'>licutmagisterlohannes</span> <span class='ocrx_word' id='word_1_318' title='bbox 1158 4652 1320 4720; x_wconf 89' lang='lat' dir='ltr'>Xantensrs</span> <span class='ocrx_word' id='word_1_319' title='bbox 1328 4655 1445 4739; x_wconf 92' lang='lat' dir='ltr'>populo</span> 
     </span>
     <span class='ocr_line' id='line_1_39' title="bbox 424 4745 1445 4828; baseline -0.001 -18"><span class='ocrx_word' id='word_1_320' title='bbox 424 4747 562 4810; x_wconf 87' lang='lat' dir='ltr'>recitavit</span> <span class='ocrx_word' id='word_1_321' title='bbox 577 4748 609 4810; x_wconf 94' lang='lat' dir='ltr'>in</span> <span class='ocrx_word' id='word_1_322' title='bbox 623 4746 681 4811; x_wconf 88' lang='lat' dir='ltr'>suis</span> <span class='ocrx_word' id='word_1_323' title='bbox 692 4745 870 4812; x_wconf 84' lang='lat' dir='ltr'>stationibus</span> <span class='ocrx_word' id='word_1_324' title='bbox 889 4767 1014 4810; x_wconf 90' lang='lat' dir='ltr'>crucem</span> <span class='ocrx_word' id='word_1_325' title='bbox 1036 4745 1204 4828; x_wconf 87' lang='lat' dir='ltr'>predicans,</span> <span class='ocrx_word' id='word_1_326' title='bbox 1217 4766 1290 4808; x_wconf 89' lang='lat' dir='ltr'>cum</span> <span class='ocrx_word' id='word_1_327' title='bbox 1306 4761 1445 4827; x_wconf 88' lang='lat' dir='ltr'>tempore</span> 
     </span>
    </p>
   </div>
   <div class='ocr_carea' id='block_1_6' title="bbox 0 0 2189 6560">
    <p class='ocr_par' dir='ltr' id='par_1_7' title="bbox 0 0 2189 6560">
     <span class='ocr_line' id='line_1_40' title="bbox 0 0 2189 6560; baseline 0 0"><span class='ocrx_word' id='word_1_328' title='bbox 0 0 2189 6560; x_wconf 95' lang='lat' dir='ltr'> </span> 
     </span>
    </p>
   </div>
  </div>
 </body>
</html>
