4362 6560
766 979 848 1070 166
902 979 1138 1106 Testimoniu
1161 979 1205 1072 in
1229 979 1449 1071 Germania
1458 977 1637 1102 scripta.

758 1241 893 1324 quodam
907 1241 1135 1306 transfretarent
1147 1242 1178 1304 in
1199 1241 1369 1304 succursum
1383 1257 1461 1304 terre
1475 1240 1585 1320 sanae,
1599 1256 1667 1302 orta
1679 1239 1723 1303 est
1734 1241 1779 1302 eis

758 1331 789 1392 in
797 1329 874 1391 mari
886 1330 1044 1412 tempestas
1055 1346 1117 1393 tam
1126 1331 1235 1409 valida,
1247 1349 1280 1392 ut
1291 1332 1376 1393 navis
1384 1329 1445 1412 ipsa
1451 1329 1778 1413 operireturfludtibus.

758 1416 784 1480 F
785 1417 942 1480 remebant
966 1420 1058 1498 venti,
1078 1418 1286 1483 excitabantur
1306 1419 1416 1482 dusius
1435 1417 1611 1496 turbulenti,
1633 1417 1780 1480 nutabant

757 1505 812 1566 viri
822 1506 976 1584 sortiffimi,
986 1505 1050 1590 spes
1057 1509 1325 1572 omnisnautarum
1334 1507 1604 1570 defecitVidentes
1617 1523 1687 1569 ante
1704 1527 1780 1568 ocu·

758 1593 805 1656 los
812 1611 953 1674 mortem,
969 1610 1115 1678 ceperunt
1123 1596 1237 1680 finguli,
1246 1596 1447 1679 unusquisque
1455 1594 1660 1658 fibivicinode
1671 1615 1779 1676 pecca-

758 1683 796 1745 tis
810 1681 867 1745 suis
882 1683 979 1745 facere
998 1684 1222 1747 confeffionem.
1238 1683 1279 1746 Et
1298 1685 1417 1747 merito.
1442 1683 1526 1746 Nam
1541 1698 1667 1765 propter
1690 1683 1779 1746 unius

757 1770 891 1833 hominis
906 1788 1031 1853 peccata
1045 1772 1201 1836 Dominus
1214 1775 1342 1835 eandem
1362 1773 1547 1835 excitaverat
1561 1771 1779 1852 tempestatem.

759 1856 832 1920 Erat
845 1859 927 1920 enim
942 1861 972 1922 in
987 1862 1056 1923 navi
1072 1860 1125 1923 illa
1138 1862 1232 1923 bomo
1250 1863 1375 1944 quidam
1390 1860 1583 1938 miserrimus,
1594 1859 1690 1920 homo
1711 1859 1780 1921 feti-

758 1944 900 2027 diffimus,
911 1950 997 2014 cuius
1008 1966 1133 2033 peccata
1143 1951 1225 2012 suere
1240 1965 1303 2012 tam
1309 1950 1422 2032 gravia,
1436 1963 1498 2010 tam
1513 1947 1693 2028 turpia,tam
1706 1947 1780 2010 hor-

758 2033 860 2114 renda,
874 2051 936 2098 tam
960 2039 991 2100 in
1019 2039 1188 2121 quantitate
1215 2059 1307 2121 quam
1322 2039 1352 2100 in
1378 2035 1534 2120 qualitate,
1557 2052 1591 2097 ut
1611 2057 1668 2096 nec
1683 2035 1779 2117 ipsum

759 2141 842 2184 mare
856 2126 977 2205 pondus
991 2125 1114 2189 illorum
1130 2124 1226 2208 posset
1240 2141 1368 2207 portare.
1381 2125 1463 2189 Cum
1474 2139 1581 2186 natura
1599 2124 1664 2187 eius
1678 2123 1712 2186 stt
1725 2125 1780 2187 eii·

758 2231 828 2272 cere
844 2212 1050 2278 immunditias
1069 2214 1212 2298 quassibet
1232 2213 1417 2296 corporales,
1430 2213 1588 2296 quomodo
1610 2212 1780 2294 equanimi-

758 2311 804 2359 ter
817 2297 972 2364 sustineret
993 2317 1089 2365 tantas
1112 2302 1319 2364 immunditias
1341 2300 1515 2384 spirituales,
1535 2300 1634 2379 idest,
1655 2307 1845 2382 peccatalsn·
1858 2317 1902 2366 ¹37

758 2387 886 2448 creatori
898 2386 949 2449 suo
964 2390 1136 2452 conmaria?
1151 2388 1284 2451 Timens
1298 2387 1393 2452 homo
1408 2387 1458 2449 ille
1470 2402 1614 2470 peccator
1627 2389 1689 2449 vite
1706 2403 1780 2450 tunc

758 2470 845 2534 simul
860 2473 1000 2538 &anime
1018 2476 1048 2540 dt
1063 2493 1186 2560 propter
1200 2476 1227 2538 se
1249 2497 1356 2538 omnes
1370 2475 1445 2539 alios
1460 2474 1620 2558 periclitari
1643 2472 1780 2538 conside·

761 2582 839 2640 rans,
863 2562 988 2627 surrexit
1008 2565 1038 2627 bt
1058 2564 1117 2628 ait:
1145 2565 1300 2643 «Audite,
1327 2565 1441 2642 fratres,
1468 2563 1580 2625 audite.
1598 2562 1627 2625 Si
1656 2578 1781 2646 propter

760 2665 885 2729 peccata
905 2653 1064 2735 tempestas
1084 2654 1140 2716 hee
1161 2669 1226 2716 orta
1245 2651 1297 2731 est,
1310 2673 1368 2734 ego
1385 2649 1504 2714 occasio
1518 2649 1582 2712 sum
1603 2652 1677 2714 tanti
1699 2653 1781 2734 peri·

758 2736 831 2800 culi.
851 2737 952 2822 Rogo,
970 2757 1005 2804 ut
1031 2741 1159 2804 audiatis
1182 2741 1399 2803 confeffionem
1427 2760 1559 2802 meam.»
1588 2738 1781 2804 Tacentibus

759 2826 901 2888 omnibus
915 2829 997 2910 cepit
1010 2850 1087 2892 voce
1102 2830 1200 2891 valida
1213 2844 1490 2891 tantumvenenum
1501 2842 1780 2909 peccatorumevo-

759 2933 852 2992 mae,
872 2931 905 2976 ut
925 2937 1012 2980 aures
1030 2917 1163 2980 humane
1183 2918 1276 2980 etiam
1295 2919 1456 2979 horrerent
1479 2916 1591 2979 audire.
1615 2915 1699 2979 Mira
1715 2917 1780 2981 cle-

759 3005 874 3065 mentia
901 3001 972 3066 Dei.
995 3005 1076 3070 Mox
1098 3022 1132 3069 ut
1155 3002 1277 3067 massam
1300 3005 1467 3088 iniquitatis
1485 3024 1540 3087 per
1563 3003 1780 3068 confeffionem

758 3090 859 3170 eiecit,
872 3113 955 3155 mare
976 3093 1079 3157 furens
1093 3094 1181 3173 srluit,
1195 3093 1225 3156 δι
1240 3093 1318 3155 fasta
1331 3092 1374 3154 est
1392 3092 1594 3174 tranquillitas
1608 3113 1727 3175 magna,
1738 3095 1780 3157 ita

758 3194 792 3240 ut
802 3200 911 3244 omnes
935 3183 1125 3246 mirarentur.
1147 3182 1241 3246 Miris
1261 3181 1398 3244 miranda
1422 3181 1597 3243 succedunt.
1616 3181 1723 3244 Statim
1747 3197 1781 3246 ut

757 3268 842 3330 navis
857 3269 893 3330 ad
916 3268 985 3334 litus
1007 3273 1155 3354 pervenit,
1179 3272 1282 3333 audita
1306 3285 1431 3353 peccata
1452 3269 1540 3333 Deus
1561 3268 1598 3331 de
1624 3272 1780 3335 memoriis

758 3353 943 3440 singulorum
958 3359 1078 3422 delevit.
1095 3359 1179 3423 Bene
1194 3357 1337 3442 permisit,
1351 3373 1385 3420 ut
1399 3359 1544 3441 quamdiu
1558 3373 1643 3420 erant
1656 3359 1687 3420 in
1710 3359 1779 3419 navi

757 3443 903 3525 conclus,
916 3449 1151 3511 confunderetur
1175 3449 1206 3510 in
1230 3447 1350 3530 aspedtu
1371 3446 1493 3510 illorum
1500 3475 1509 3522 ;
1529 3446 1558 3509 dt
1575 3467 1615 3508 ne
1635 3459 1780 3510 exeuntes

758 3532 835 3596 sorte
859 3535 924 3598 eius
949 3554 1073 3617 peccata
1094 3551 1302 3620 propagarent,
1325 3535 1374 3598 vel
1396 3537 1648 3618 improperarent,
1662 3533 1781 3596 induxit

757 3624 801 3686 eis
812 3623 1009 3687 oblivionem.
1025 3625 1108 3686 Bene
1122 3626 1312 3686 retinuerunt
1326 3622 1353 3685 se
1365 3625 1396 3685 in
1407 3625 1483 3684 mari
1491 3619 1576 3684 fuisse
1583 3621 1780 3705 periclitatos,

758 3711 916 3775 hominem
930 3711 1043 3796 aliquid
1066 3709 1150 3774 fuisse
1164 3711 1350 3788 confessum,
1365 3711 1413 3773 sed
1429 3711 1501 3794 quid
1517 3707 1645 3790 dixisset,
1659 3709 1779 3793 prorsus

758 3800 980 3884 ignoraverunt.
995 3799 1037 3864 Et
1047 3801 1108 3864 hoc
1122 3800 1217 3882 ipsum
1232 3800 1339 3862 didicit
1352 3801 1569 3881 experimento.

1198 3991 1244 4054 IV,
1257 4005 1281 4041 c.
1299 4005 1340 4041 to.

797 4130 846 4191 De
853 4125 1126 4216 sacerdoustgnato,
1140 4148 1218 4207 quem
1231 4125 1367 4203 diabolus,
1379 4125 1583 4294 edityermone
1596 4148 1616 4187 a
1629 4125 1747 4206 quodam
1792 4151 1845 4213 ῃ,
1858 4147 1901 4197 121

1064 4215 1240 4297 predicatore
1253 4215 1351 4292 crucis,
1363 4215 1435 4276 inva
1446 4226 1477 4275 tt.

798 4378 847 4441 Eo
866 4394 1014 4462 tempore,
1035 4399 1098 4460 quo
1113 4375 1261 4441 Oliverus
1274 4374 1465 4439 scholasticus
1479 4374 1681 4454 Coloniensts,
1694 4378 1780 4442 cuius

759 4467 939 4531 infecunda
962 4466 1155 4529 distinstione
1174 4466 1362 4527 mentionem
1386 4465 1455 4544 feci,
1469 4485 1593 4528 crucem
1615 4465 1781 4546 predicavit

760 4558 837 4619 inter
851 4555 972 4639 Brugge
993 4555 1023 4617 δι
1048 4554 1137 4633 Gint,
1152 4554 1290 4616 civitates
1311 4551 1336 4615 F
1338 4554 1464 4632 landrie,
1488 4555 1572 4615 venit
1599 4554 1636 4614 ad
1656 4554 1780 4616 fratrem

760 4645 935 4709 Bernardun
955 4643 1140 4706 monachum
1161 4642 1305 4721 nostrum,
1319 4643 1371 4724 qui
1394 4657 1467 4704 tunc
1481 4661 1585 4706 comes
1609 4657 1672 4704 erat
1684 4643 1780 4721 verbi,

760 4732 922 4814 &collega
935 4731 1067 4794 eiusdem
1082 4730 1213 4810 Oliveri,
1227 4731 1363 4794 sacerdos
1377 4731 1501 4813 quidam
1513 4730 1634 4814 Sigerus
1645 4731 1780 4811 nomine,
