4168 6502
808 963 889 1045 242
980 934 1221 1062 ‘sessimonio
1247 935 1289 1024 in
1319 931 1445 1024 Italia
1464 934 1644 1060 scripto.

1180 1258 1261 1322 Cnr.
1282 1256 1432 1323 CLXIV.

1007 1405 1134 1492 Quando
1150 1409 1269 1491 castrum
1286 1405 1410 1493 Thenisrj
1418 1407 1480 1489 fuit
1490 1421 1610 1492 captum.
1830 1431 1851 1476 r·
1862 1418 1905 1472 708

728 1583 787 1632 ηις
839 1557 933 1620 Anno
950 1579 967 1619 a
997 1557 1130 1640 Virginis
1145 1572 1230 1640 partu
1248 1554 1488 1636 MCCXVIIII,
1503 1557 1534 1619 in
1555 1554 1655 1619 mense
1674 1555 1816 1618 Novem-

725 1655 785 1700 Nov.
799 1644 871 1724 bris,
893 1667 964 1707 cum
991 1645 1130 1708 homines
1154 1643 1239 1707 castri
1253 1642 1403 1728 Thenisrj,
1426 1643 1486 1707 stve
1505 1643 1666 1723 Thoneos,
1685 1645 1815 1706 nimium

798 1733 986 1797 considerent
1000 1735 1030 1795 in
1045 1734 1140 1796 foveis
1155 1733 1315 1816 magnis&
1336 1733 1502 1815 profundis,
1517 1731 1643 1816 piscibus
1663 1731 1772 1814 plenis,
1785 1731 1815 1796 δι

796 1823 889 1885 muris
914 1822 944 1884 δι
971 1821 1103 1884 turribus
1125 1819 1268 1884 altisfimis
1292 1820 1323 1883 δι
1350 1818 1490 1884 scabrosis
1514 1820 1639 1903 rupibus
1666 1818 1815 1901 vidissent,

794 1912 877 1992 quod
892 1911 998 1972 civitas
1013 1904 1157 1972 Damiate
1171 1926 1261 1991 capta
1273 1907 1354 1984 effen
1368 1929 1405 1971 eo
1426 1908 1544 1988 residit),
1563 1907 1593 1971 δι
1616 1909 1725 1970 timore
1739 1931 1814 1972 con·

793 1998 864 2059 cussi
876 2000 1006 2060 maxime
1020 1998 1211 2079 aufitgerunt.
1237 1995 1335 2084 Quod
1350 1997 1500 2060 christiani
1518 1996 1619 2079 postea
1634 1999 1813 2060 habuerunt.

1174 2235 1256 2299 Cirr.
1279 2231 1431 2299 CLXIX.

1011 2373 1139 2458 Quando
1152 2375 1252 2439 civitas
1265 2376 1403 2438 Damiatc
1416 2374 1510 2459 amiff
1502 2398 1522 2438 a
1541 2376 1586 2460 sss·
1826 2409 1848 2454 p.
1860 2405 1903 2450 711

719 2545 777 2580 1222
831 2526 924 2587 Anno
940 2523 1071 2586 Domini
1089 2521 1299 2602 MCCXXII,
1314 2525 1456 2588 dominus
1478 2523 1625 2606 Pelagius,
1646 2522 1811 2606 apostolice

790 2613 865 2675 sedis
879 2616 1004 2696 legatus,
1027 2633 1098 2676 cum
1114 2612 1217 2677 multis
1238 2612 1372 2677 millibus
1386 2608 1615 2678 christianorum
1630 2613 1660 2675 δι
1678 2614 1810 2675 maxime

789 2701 1020 2780 Alamanorum,
1045 2700 1245 2781 Francorum,
1259 2701 1480 2780 Romanorum,
1495 2702 1650 2765 civitatem
1666 2700 1810 2764 Damiate

787 2789 958 2873 reliquerat,
976 2789 1006 2852 dr
1021 2790 1051 2852 in
1066 2789 1222 2851 occursum
1237 2788 1457 2852 Saracenorum
1479 2791 1535 2852 iter
1549 2791 1721 2871 arripuerat,
1734 2789 1810 2850 civi-

786 2892 848 2941 tate
864 2876 1006 2940 Damiate
1028 2879 1145 2959 optime
1166 2875 1273 2939 relidla
1296 2877 1428 2952 munitm
1451 2875 1481 2939 &
1505 2897 1576 2938 cum
1600 2877 1659 2938 iam
1683 2876 1808 2958 separati

786 2967 877 3029 essent
892 2989 909 3029 a
922 2968 1045 3030 civitate
1059 2967 1205 3049 predicta,
1228 2968 1291 3028 fere
1305 2987 1360 3049 per
1374 2964 1514 3028 milliaria
1528 2963 1569 3044 lx,
1582 2964 1679 3027 subito
1693 2964 1807 3028 slumen

785 3055 939 3139 quoddam
963 3071 1106 3118 vocatum
1120 3051 1293 3136 Euphrates
1316 3053 1472 3116 voluntate
1497 3052 1597 3115 divina
1618 3073 1635 3115 a
1656 3053 1807 3116 montanis

784 3142 929 3224 partibus,
953 3139 1027 3205 sicut
1047 3143 1112 3205 eius
1133 3141 1320 3205 consuetudo
1341 3140 1384 3204 est
1402 3141 1590 3224 provinciam
1611 3138 1694 3202 illam
1715 3140 1806 3203 semel

784 3230 813 3292 in
830 3251 909 3292 anno
924 3232 1057 3313 irrigare,
1077 3229 1254 3307 inundavit,
1268 3232 1298 3293 in
1314 3252 1375 3312 quo
1389 3229 1483 3292 fluvio
1497 3228 1593 3291 multa
1607 3228 1702 3291 millia
1715 3227 1806 3291 chris·

784 3317 935 3379 tianorum
947 3317 976 3380 δι
988 3316 1120 3378 maxime
1131 3316 1342 3380 Romanorum
1357 3317 1446 3395 same,
1461 3316 1545 3401 aquis
1556 3314 1698 3400 &gladio
1709 3315 1805 3397 perie-

781 3420 861 3466 runt.
885 3406 929 3467 At
949 3403 1000 3466 ubi
1016 3403 1166 3483 Saraceni,
1180 3405 1327 3484 videntes,
1347 3405 1430 3489 quod
1444 3403 1596 3466 christiani
1611 3403 1668 3466 suis
1683 3404 1804 3465 succur-

783 3491 847 3553 sum
889 3491 992 3554 rebere
1007 3491 1179 3576 nequirent,
1203 3492 1333 3556 &retro
1354 3514 1416 3556 non
1439 3490 1555 3575 possent
1578 3492 1696 3568 reverti,
1719 3492 1802 3574 quod

782 3579 841 3641 stne
866 3513 998 3642 literimis
1022 3581 1074 3642 vix
1098 3580 1198 3642 dicere
1223 3580 1354 3663 quimus,
1378 3595 1500 3662 recepta
1523 3579 1565 3642 est
1587 3579 1625 3641 ab
1648 3577 1804 3642 Saracenis

780 3665 886 3730 civitas
902 3667 1045 3730 Damiate
1057 3666 1194 3731 &multa
1208 3667 1303 3729 millia
1312 3665 1544 3731 christianorum
1555 3665 1707 3750 utriusque
1718 3665 1803 3728 sexus

780 3776 852 3818 cum
872 3755 933 3818 illa
957 3753 1031 3818 Illos
1052 3777 1137 3834 vero,
1161 3757 1213 3838 qui
1235 3756 1272 3818 ad
1295 3756 1455 3818 tuitionem
1477 3755 1616 3818 liciarum
1629 3753 1802 3818 &civitatis

779 3858 874 3920 erant,
898 3841 1033 3905 similiter
1057 3842 1087 3906 δι
1110 3865 1173 3920 eos,
1198 3843 1250 3925 qui
1276 3843 1307 3904 in
1330 3840 1426 3904 caslro
1440 3842 1589 3905 Thaneos
1613 3843 1747 3919 aderant,
1769 3841 1801 3902 in

780 3951 887 3992 manus
901 3930 1117 3993 Saracenorum
1138 3930 1300 4009 tradentes,
1323 3927 1377 4013 ipsu
1398 3931 1524 3992 domino
1541 3927 1663 4012 Pelagio
1677 3949 1801 3992 omnem

778 4017 900 4100 culpam
914 4018 1137 4100 impenderunt.

955 4217 1029 4316 169.
1058 4221 1228 4290 Chronicon
1247 4221 1454 4290 Placentinum
1480 4229 1631 4299 (-1235).

1055 4385 1148 4452 [Pertz,
1160 4387 1227 4440 Mon.
1239 4387 1332 4453 Gerra,
1344 4387 1393 4452 SS,
1406 4385 1515 4450 1(va

1275 4500 1295 4544 Β

812 4619 886 4666 1218.
905 4610 952 4666 Ad
964 4610 1080 4665 notitiam
1098 4629 1129 4665 ac
1150 4611 1297 4665 memoriam
1316 4610 1505 4665 christianorum
1526 4609 1638 4664 omnium
1661 4607 1795 4680 pervenisse
1809 4625 1891 4675 pm

774 4693 911 4746 nullatenus
924 4692 1070 4746 dubitamus
1084 4693 1124 4744 sed
1138 4689 1260 4760 liquidum
1277 4689 1368 4760 pariter
1380 4691 1405 4743 u
1417 4690 1572 4744 manifeslum
1592 4689 1709 4742 omnibus
1721 4689 1794 4742 indu·
1809 4700 1877 4762 Gesta
1887 4699 1993 4764 nomn
