4362 6560
554 960 626 1086 96.
653 959 862 1054 Chronica
883 963 1002 1094 regia
1027 938 1294 1092 Colonienfls.
1357 994 1430 1087 151

415 1226 553 1308 magister
574 1222 688 1288 milicie
701 1223 851 1308 Templi-3
872 1245 952 1308 quos
964 1225 1107 1288 audadler
1120 1225 1253 1309 sequitur
1267 1246 1329 1289 non
1342 1225 1439 1310 segnis
1453 1247 1512 1295 1217

415 1315 502 1378 turba
515 1314 644 1377 suorum.

559 1437 621 1502 Hic
635 1461 717 1520 equus
730 1439 875 1522 opponitur
888 1438 970 1520 equis,
983 1437 1025 1501 hic
1037 1439 1143 1525 enstbus
1156 1439 1234 1525 ensts,

559 1526 620 1590 Hic
633 1527 734 1610 clipeus
746 1527 845 1612 clipeis,
861 1527 903 1588 hic
917 1529 1018 1590 obruta
1031 1527 1131 1613 caffide
1144 1528 1231 1614 caffls.

455 1659 543 1748 Quid
559 1658 667 1742 plura?
693 1658 761 1746 Qui
783 1658 826 1721 est
851 1673 920 1721 ante
934 1657 1033 1722 secula
1046 1658 1218 1722 humiliavit
1232 1681 1295 1739 eoa,
1308 1682 1439 1744 quorum

415 1749 497 1831 prius
518 1747 660 1811 sublimes
681 1762 766 1810 erant
788 1748 933 1830 palpebre
954 1747 1156 1830 &supercilia
1176 1749 1275 1811 eredla
1295 1749 1345 1822 (cf.
1366 1749 1439 1813 Pro·

414 1839 505 1914 verb,
523 1855 602 1914 xxx,
629 1837 685 1918 13).
711 1835 795 1898 Nam
810 1834 872 1898 duo
891 1856 977 1918 reges
992 1837 1032 1898 ibi
1047 1838 1234 1915 ceciderunt,
1257 1836 1309 1899 ille
1327 1837 1441 1901 scilicet

413 1926 452 1988 de
466 1924 659 1990 Corduba&
674 1923 725 1986 ille
751 1924 789 1986 de
802 1921 909 2002 leben,
933 1940 1071 2007 preterea
1093 1924 1161 2006 plus
1185 1947 1276 2008 quam
1300 1945 1335 2008 14
1355 1927 1440 1989 milia

413 2012 660 2090 Sarracenmum,
687 2028 789 2093 preter
816 2013 969 2094 captivos,
988 2013 1041 2097 qui
1069 2013 1178 2078 infiniti
1193 2031 1287 2078 erant.
1314 2012 1439 2096 Insuper

413 2103 510 2166 eciam
530 2100 625 2185 galee,
649 2119 724 2182 quas
743 2121 798 2182 per
810 2121 893 2162 mare
908 2102 1106 2181 adduxerant,
1131 2103 1232 2186 firgate
1253 2103 1327 2166 suat
1351 2102 1438 2165 Reli-

413 2204 545 2274 querunt
557 2189 656 2252 eciam
670 2187 701 2250 in
715 2207 826 2269 campo
841 2189 946 2251 omnia
959 2190 1092 2252 tentoria
1104 2211 1177 2253 cum
1192 2206 1256 2255 tota
1270 2189 1438 2273 suppellec-

413 2277 458 2341 tili
473 2278 531 2340 sua.
556 2276 651 2341 Circa
672 2274 779 2338 festum
799 2297 872 2338 vero
896 2296 930 2339 tr
945 2277 1066 2340 milium
1079 2279 1230 2362 virginum
1245 2301 1299 2362 per
1314 2276 1438 2341 fossores
1451 2289 1534 2337 ottob.
1545 2303 1573 2338 ιι

412 2366 524 2430 cecidit
535 2365 628 2428 altera
638 2365 738 2428 turris.
753 2364 848 2427 Tunc
860 2365 984 2426 demum
996 2367 1146 2447 perterriti
1163 2365 1298 2431 infelices
1309 2367 1437 2430 calhum

413 2454 619 2532 reddiderunt,
640 2451 670 2515 dt
691 2452 720 2515 se
734 2451 764 2515 dr
778 2451 829 2513 sua
848 2453 880 2514 in
903 2474 1011 2517 manus
1032 2453 1263 2517 christianorum
1279 2455 1438 2535 dederunt,

412 2544 464 2626 qui
488 2561 594 2604 omnes
609 2540 773 2603 venundati
795 2538 871 2603 sunt
895 2537 1025 2604 Invente
1045 2541 1112 2604 sunt
1124 2543 1207 2605 enirn
1222 2543 1253 2604 in
1268 2541 1329 2604 hoc
1343 2541 1438 2606 castro

412 2646 475 2694 tam
500 2631 537 2692 de
562 2629 635 2692 viria
658 2649 750 2713 quam
778 2628 817 2690 de
841 2628 1017 2692 mulieribus
1040 2651 1132 2713 quam
1157 2629 1289 2712 parvulis
1314 2630 1438 2713 persone

412 2719 493 2782 circa
505 2718 568 2779 duo
582 2715 709 2779 milia&
720 2734 768 2798 50.
782 2715 825 2778 Et
836 2715 988 2780 redditum
1002 2717 1046 2778 est
1059 2718 1188 2780 castrum
1202 2740 1241 2781 ex
1255 2733 1338 2800 parte
1353 2740 1440 2801 pere-

411 2806 569 2889 grinorurn
576 2804 719 2868 fratribus
726 2803 765 2866 de
773 2802 900 2868 Gladio.
908 2802 979 2866 Post
985 2803 1324 2869 OmniumSanElorum
1331 2805 1439 2869 seshrm
1452 2819 1512 2865 nov.
1525 2832 1535 2866 1

413 2893 568 2956 universus
578 2893 728 2956 exercitus
742 2890 1017 2974 crucesignatorum
1027 2891 1160 2956 reversus
1174 2892 1218 2955 est
1228 2891 1438 2975 Ulixibonam,

412 2995 477 3042 tota
490 2982 600 3066 hyeme
614 2980 729 3043 ibidem
743 2980 857 3042 bonam
872 2979 987 3043 ducens
1001 2979 1104 3043 vitam.

411 3077 486 3154 [Infra
492 3101 532 3154 pp.
543 3102 656 3150 ²4²·u4,
672 3086 771 3153 sequitat
780 3085 1064 3224 aaflorpplerdgliperiu
1079 3086 1233 3150 scholasticae,
1246 3100 1286 3153 pp.
1299 3089 1440 3152 1397-1398,

875 3175 885 3204 e
910 3175 925 3204 a
963 3171 984 3204 r:

445 3248 545 3302 Deinde
551 3248 584 3301 ad
594 3259 708 3301 montem
715 3247 808 3301 Tabor
815 3259 989 3317 pervenerunt,
998 3236 1049 3298 ubi
1055 3234 1228 3300 Coradlnus
1236 3235 1366 3299 castrum
1374 3235 1438 3300 for·

411 3325 553 3390 tissimum
564 3346 635 3388 cum
646 3324 833 3408 septuaginta
843 3322 957 3408 septem
969 3322 1100 3388 turribus
1111 3324 1328 3404 construxerat,
1338 3325 1438 3388 &duo

410 3414 497 3478 milia
514 3413 741 3477 condudtorum
760 3411 893 3475 militum
913 3413 951 3476 ad
964 3412 1157 3475 resistendum
1174 3413 1341 3476 christianis
1355 3412 1439 3478 loca-

411 3517 505 3565 verat.

446 3591 532 3662 Reges
544 3593 658 3662 Ungarie
672 3594 697 3646 a
709 3590 789 3664 Cypri
800 3621 836 3631 —
847 3589 976 3661 Tripolim
989 3590 1093 3661 profedii
1106 3591 1170 3657 sunt,
1180 3580 1253 3644 licet
1262 3580 1358 3644 multa
1369 3580 1438 3665 sup-

412 3669 537 3754 plicatio
552 3670 720 3752 patriarche
735 3667 765 3731 δι
781 3667 911 3730 aliorum
931 3669 993 3753 regi
1017 3669 1152 3752 Ungarie
1165 3667 1245 3731 sacia
1258 3667 1438 3751 processerit.

319 3793 341 3839 p.
352 3789 399 3838 ¹44
454 3757 546 3820 Anno
569 3757 699 3821 Domini
726 3756 810 3835 1218,
823 3755 938 3820 navalis
953 3757 1115 3838 exercitus,
1132 3757 1184 3839 qui
1198 3757 1278 3839 apud
1293 3756 1436 3822 Ulixibo-
1452 3765 1511 3812 ¹2¹⁸

410 3865 483 3908 nam
504 3845 707 3929 hyemaverat,
727 3844 824 3927 pridie
846 3842 908 3906 kal
922 3843 1024 3926 aprilis
1038 3865 1120 3907 mare
1141 3843 1288 3922 ascendit;
1309 3845 1438 3930 contigit
1450 3857 1556 3919 Maneat

412 3948 524 4012 autem,
544 3933 628 4016 quod
650 3953 755 3996 comes
776 3932 815 3995 de
827 3931 933 3994 Wede
949 3951 1021 3994 cum
1036 3933 1140 4015 paucis
1151 3931 1281 3996 navibus
1295 3931 1332 3997 de
1345 3932 1439 3996 nodie

411 4021 537 4084 intraret
558 4036 682 4104 portum
704 4021 859 4104 quendam
879 4017 1117 4083 Sarracenorum
1132 4021 1162 4084 in
1177 4019 1290 4100 Kadie,
1312 4021 1363 4084 ubi
1378 4021 1438 4086 due

410 4129 503 4172 naves
513 4109 545 4171 in
559 4105 639 4170 sicco
651 4106 833 4184 manserunt,
848 4105 934 4170 salvis
945 4121 1047 4170 tamen
1063 4106 1197 4190 personis
1208 4106 1238 4170 δι
1249 4108 1338 4172 rebus
1349 4108 1380 4170 in
1394 4107 1437 4171 eis

410 4194 615 4259 existentibus.
640 4195 743 4258 Nonis
766 4193 868 4277 aprilis
889 4190 1068 4256 transierunt
1087 4215 1170 4256 mare
1182 4193 1330 4275 stridunt,
1353 4194 1436 4278 quod
1450 4205 1506 4266 Ape.
1517 4214 1530 4265 5

411 4283 520 4347 dividit
533 4282 690 4367 Europam
713 4282 750 4345 ab
766 4280 883 4345 Affrica
904 4281 934 4343 δι
955 4279 999 4344 est
1017 4282 1112 4345 latum
1135 4283 1194 4346 tria
1216 4283 1280 4346 sere
1299 4281 1437 4346 miliaria.

412 4369 510 4459 Quod
532 4393 604 4434 cum
629 4368 802 4448 mansissent,
825 4385 1027 4433 occurrerunt
1045 4371 1089 4433 eis
1110 4371 1170 4432 due
1190 4391 1283 4434 naves
1301 4369 1436 4434 Sarrace-

410 4480 531 4540 norum,
554 4479 686 4544 quarum
710 4457 804 4541 spolia
827 4457 926 4520 ablata
949 4457 1026 4536 sunt,
1049 4473 1140 4520 naute
1161 4458 1324 4540 intersedli,
1345 4479 1437 4523 naves

410 4547 522 4610 exuste.
537 4545 636 4610 Pridie
660 4548 727 4610 idus
748 4546 860 4630 aprilis,
883 4545 997 4610 scilicet
1016 4546 1048 4609 in
1062 4566 1138 4610 cena
1153 4545 1296 4626 Domini,
1315 4562 1382 4609 orta
1394 4545 1438 4609 est
1449 4561 1505 4623 Aps.
1518 4575 1547 4609 rs

411 4635 545 4698 maxima
558 4635 727 4718 tempestae
741 4632 874 4698 &naves
888 4633 1021 4718 separate
1034 4633 1152 4697 suntab
1163 4635 1305 4714 invicem,
1319 4633 1436 4718 &que-

412 4721 482 4786 dam
502 4745 542 4786 ex
560 4725 605 4788 eis
618 4723 746 4787 hatellos
767 4722 835 4787 suos
855 4724 886 4786 vi
900 4721 1084 4806 tempestatis
1105 4721 1310 4805 perdiderunt.
1331 4723 1505 4799 Nodlenpr.
1518 4748 1545 4798 ις
