4110 6594
384 1017 506 1113 ro5a.
534 988 743 1111 Coesnrius
765 983 1134 1115 Heiflerbucenflr„
1171 1015 1252 1108 345

237 1252 372 1315 delatum
386 1251 428 1313 est
441 1250 569 1312 verbum
583 1249 621 1312 ad
635 1248 759 1312 clerum.
786 1247 853 1336 Qui
868 1271 975 1312 omnes
998 1250 1028 1311 in
1053 1251 1113 1312 boc
1134 1249 1260 1313 consen·
1275 1264 1329 1297 ¹2²¹
1385 1193 1397 1232 l

236 1342 344 1418 senrnt,
363 1359 556 1423 nequaquam
578 1338 679 1400 deberi
695 1358 806 1420 corpus
822 1336 952 1400 Domini
972 1337 1113 1401 reservari
1136 1341 1166 1402 in
1181 1341 1259 1401 navi.

237 1428 445 1510 Interrogatus
468 1428 507 1488 de
531 1425 619 1489 causa
642 1425 773 1490 decanus
799 1423 1060 1510 Habenbergenfis
1077 1427 1261 1510 [Babenber·

238 1515 359 1603 gensrsl,
371 1516 423 1600 qui
440 1513 561 1597 presens
575 1530 650 1592 erat,
671 1513 744 1577 duas
763 1516 895 1579 rationes
917 1515 1070 1598 assignavit
1080 1543 1089 1592 3
1108 1537 1199 1578 unam
1215 1517 1261 1577 di·

238 1607 326 1670 cebat
350 1601 409 1667 esse
432 1604 572 1666 timorem
594 1601 702 1664 nausee
723 1601 753 1664 δι
775 1605 918 1682 vomitus,
937 1625 1015 1701 qqos
1040 1605 1130 1666 maris
1149 1603 1262 1666 iactura

240 1713 407 1776 provocare
421 1693 506 1772 solet,
516 1693 642 1756 alteram
656 1713 705 1771 eo,
719 1693 801 1774 quod
817 1713 950 1775 corpora
969 1692 1066 1755 eiedla
1089 1692 1262 1774 frequenter

239 1803 256 1844 a
271 1781 389 1845 bubalis
404 1781 630 1844 devorarentur.
645 1777 681 1843 In
696 1782 854 1844 communi
869 1802 943 1863 ergo
959 1781 1157 1862 penitentiam
1172 1800 1263 1862 agen·

239 1884 285 1932 tes
302 1868 437 1953 sequenti
453 1870 502 1931 die
523 1868 625 1930 clerici
642 1889 749 1931 omnes
766 1866 857 1930 nudis
872 1868 1000 1948 pedibus
1014 1889 1084 1930 cum
1101 1865 1262 1948 psalmis&

240 1957 359 2022 letaniis
379 1959 483 2020 navim
506 1956 684 2020 intrinsecus
706 1957 943 2033 circumeuntes,
958 1953 1099 2019 Domino
1114 1953 1263 2036 supplica-

239 2045 312 2108 bant
326 2043 437 2107 hostias
460 2043 589 2108 residuas
611 2043 745 2125 personis
774 2041 918 2126 religiosis
940 2044 976 2107 ad
1002 2042 1180 2105 sumendum
1206 2041 1264 2102 dis·

241 2133 416 2196 tribuentes.
433 2132 519 2195 Mira
534 2130 646 2196 Christi
663 2132 768 2215 pietas,
786 2133 862 2193 mira
875 2132 971 2194 virtus
982 2131 1173 2194 sacramenti!

281 2219 362 2284 Mox
377 2221 459 2282 enirn
474 2235 508 2283 ut
522 2220 579 2282 bec
591 2219 658 2282 asta
672 2218 747 2298 sunt,
765 2240 848 2282 mare
862 2218 943 2281 stetit
967 2242 985 2282 a
998 2219 1115 2280 fervore
1130 2218 1192 2297 suo,
1204 2234 1265 2280 tam

241 2308 415 2393 prosperam
443 2309 588 2390 deinceps
615 2307 760 2370 babentes
787 2309 1024 2391 navigationem,
1047 2323 1081 2369 ut
1099 2307 1177 2370 intra
1201 2307 1265 2370 dies

242 2417 353 2479 paucas
375 2413 486 2459 terram
511 2395 783 2478 apprehenderent.
806 2395 848 2458 Et
863 2411 897 2458 ut
916 2395 1131 2478 intelligerent,
1146 2393 1265 2477 plagam

241 2485 377 2547 divinam
400 2480 496 2561 fuiffe,
517 2482 679 2546 audierunt
693 2483 805 2564 postea,
820 2505 912 2546 naves
934 2483 1016 2562 alias,
1030 2504 1101 2544 cum
1125 2483 1235 2566 quibus
1250 2503 1267 2544 a

242 2571 389 2636 Damiata
402 2572 504 2656 egreffi
521 2572 650 2649 fuerant,
664 2570 741 2634 nihil
754 2571 803 2633 vel
818 2573 975 2634 modicum
989 2568 1121 2634 habuisse
1137 2570 1267 2652 impedi-

243 2676 349 2724 menti.

248 2879 373 2973 132lis.
397 2877 528 2945 Cronica
545 2879 683 2945 comitum
693 2876 903 2971 &principum
919 2879 957 2944 de
974 2877 1074 2946 clivis
1087 2875 1118 2944 δ’
1132 2878 1265 2960 muca,

443 2981 567 3068 Gelrr'oe,
587 2983 673 3051 Iulia
690 2981 721 3051 θ’
738 2984 904 3052 monrium
923 2993 1074 3062 (-1392l·

314 3162 443 3229 [Seibertr,
455 3163 558 3232 Qullerr
571 3166 617 3216 der
629 3163 736 3232 weffltl.
752 3163 901 3231 Gqsclrichm
914 3163 1052 3232 Arnsberg,
1069 3167 1144 3228 18⁶0,
1154 3164 1198 3227 11.]

749 3294 768 3336 8

154 3445 174 3488 ρ.
190 3427 232 3488 189
288 3412 457 3495 (Arnoldus
475 3433 581 3476 comes
606 3412 765 3486 Clivensrs)
780 3434 851 3476 cum
870 3411 1027 3476 Friderico
1042 3410 1073 3475 ll
1088 3414 1271 3497 imperatore

247 3500 408 3585 multisque
421 3498 537 3579 Gallie,
561 3499 731 3565 Germanic
748 3516 839 3585 atque
861 3500 949 3564 ltalie
970 3503 1147 3584 proceribus
1171 3504 1200 3565 in
1216 3503 1270 3586 Sy·

248 3592 323 3653 riam
358 3587 513 3672 profedlus
540 3587 582 3650 est
603 3589 742 3652 adversus
769 3588 989 3652 Saracenos&
1014 3589 1146 3669 Turcas,
1173 3591 1271 3654 Terre

248 3677 356 3741 Sancte
373 3691 584 3760 occupatores,
603 3692 801 3760 pugnaturus,
822 3677 873 3739 ubi
888 3677 919 3740 dr
933 3679 1048 3741 interiit
1062 3700 1118 3760 pro
1138 3677 1198 3742 lide
1221 3701 1272 3741 ca·

248 3765 362 3829 tholica
375 3763 529 3827 sortiffime
545 3765 701 3829 decertans
712 3787 793 3828 anno
811 3784 894 3828 1221.

288 3852 414 3917 Etenim
428 3873 509 3914 anno
528 3853 601 3916 1218
616 3853 794 3915 indudlione
817 3875 894 3935 pape
912 3853 1044 3937 Honorij
1071 3875 1107 3916 ac
1125 3855 1150 3916 F
1151 3855 1271 3918 riderici
1287 3875 1314 3906 12

249 3935 453 4025 imperatoris,
482 3939 597 4023 Syriam
627 3942 794 4023 migrarunt
827 3962 899 4003 curn
930 3943 1064 4004 exercitu
1085 3942 1272 4005 selebliffimo

250 4031 402 4113 principes
427 4028 491 4090 isti:
517 4029 668 4106 Andreas,
687 4049 738 4090 rex
763 4029 932 4114 Hungarie,
957 4028 1119 4111 Lupoldus
1145 4031 1273 4111 Austris,

251 4117 404 4181 Henricus
430 4115 604 4194 Brabantie,
619 4115 807 4180 Ludowicus
832 4115 959 4179 Bavarie
984 4119 1092 4194 duces,
1113 4119 1273 4182 Walterus

251 4205 435 4270 camerarius
465 4204 543 4285 regis
568 4201 705 4281 Francie,
729 4202 923 4267 Baldewinus
945 4203 1098 4283 flandrie,
1123 4207 1274 4268 Henricus

251 4287 480 4369 Namurcensrs,
494 4290 647 4354 Henricus
666 4290 695 4353 S.
711 4289 806 4368 Pauli,
821 4292 975 4355 Henricus
990 4291 1198 4373 Nivernensrs,
1217 4297 1276 4357 Ar-

251 4380 362 4444 noldus
378 4373 537 4456 Clivensrs,
563 4376 740 4442 Gerhardus
757 4374 940 4455 luliacenlis,
962 4377 1143 4444 Gerhardus
1159 4382 1277 4460 Gelrie,

252 4466 405 4529 Henricus
419 4465 457 4526 de
480 4463 605 4542 Monte,
619 4461 780 4542 Lollensrs,
797 4466 835 4527 de
849 4463 1000 4542 Nallawe,
1010 4465 1048 4527 de
1070 4467 1232 4548 Spanheim
1248 4470 1277 4532 dr

254 4553 332 4637 Seyn
355 4553 499 4628 comites;
524 4549 985 4635 Moraviequoque,Badens1s
1008 4553 1038 4614 dr
1058 4553 1276 4618 Montifferrati

254 4641 458 4719 marchiones,
488 4639 625 4704 siffridus
656 4638 916 4722 MaguntinensiS,
945 4641 1027 4705 Otto
1062 4642 1100 4704 de
1128 4643 1278 4705 Benthem

257 4724 516 4808 Monasteriensrs,
542 4725 738 4807 Leodiensrs,
763 4723 1008 4810 Herbipolensrs,
1041 4730 1280 4813 Argentinensis,

394 4833 415 4872 Τ
1141 4843 1174 4886 44
