<?xml version="1.0" encoding="UTF-8"?>
<!DOCTYPE html PUBLIC "-//W3C//DTD XHTML 1.0 Transitional//EN"
    "http://www.w3.org/TR/xhtml1/DTD/xhtml1-transitional.dtd">
<html xmlns="http://www.w3.org/1999/xhtml" xml:lang="en" lang="en">
 <head>
  <title>
</title>
<meta http-equiv="Content-Type" content="text/html;charset=utf-8" />
  <meta name='ocr-system' content='tesseract 3.04.00' />
  <meta name='ocr-capabilities' content='ocr_page ocr_carea ocr_par ocr_line ocrx_word'/>
</head>
<body>
  <div class='ocr_page' id='page_1' title='image "./testimoniaminor01rhgoog_0167.png"; bbox 0 0 4336 6572; ppageno 0'>
   <div class='ocr_carea' id='block_1_1' title="bbox 625 992 1448 1122">
    <p class='ocr_par' dir='ltr' id='par_1_1' title="bbox 625 992 1448 1122">
     <span class='ocr_line' id='line_1_1' title="bbox 625 992 1448 1122; baseline 0 -38"><span class='ocrx_word' id='word_1_1' title='bbox 625 995 698 1113; x_wconf 88' lang='lat'><strong>67.</strong></span> <span class='ocrx_word' id='word_1_2' title='bbox 737 993 967 1086; x_wconf 84' lang='lat' dir='ltr'><strong>Conorricus</strong></span> <span class='ocrx_word' id='word_1_3' title='bbox 991 992 1248 1122; x_wconf 64' lang='lat' dir='ltr'><strong>Turonensts.</strong></span> <span class='ocrx_word' id='word_1_4' title='bbox 1389 993 1448 1111; x_wconf 85' lang='lat'><strong>87</strong></span> 
     </span>
    </p>
   </div>
   <div class='ocr_carea' id='block_1_2' title="bbox 338 1250 1556 4859">
    <p class='ocr_par' dir='ltr' id='par_1_2' title="bbox 338 1250 1450 2835">
     <span class='ocr_line' id='line_1_2' title="bbox 338 1250 1450 1338; baseline -0.004 -16"><span class='ocrx_word' id='word_1_5' title='bbox 338 1276 360 1322; x_wconf 81' lang='lat' dir='ltr'><strong>r·</strong></span> <span class='ocrx_word' id='word_1_6' title='bbox 371 1273 417 1321; x_wconf 83' lang='lat'><strong>300</strong></span> <span class='ocrx_word' id='word_1_7' title='bbox 429 1256 489 1320; x_wconf 77' lang='lat' dir='ltr'><strong>baa</strong></span> <span class='ocrx_word' id='word_1_8' title='bbox 505 1254 553 1318; x_wconf 85' lang='lat' dir='ltr'><strong>Ex</strong></span> <span class='ocrx_word' id='word_1_9' title='bbox 568 1254 627 1317; x_wconf 90' lang='lat' dir='ltr'><strong>alia</strong></span> <span class='ocrx_word' id='word_1_10' title='bbox 641 1269 735 1338; x_wconf 86' lang='lat' dir='ltr'><strong>parte,</strong></span> <span class='ocrx_word' id='word_1_11' title='bbox 757 1250 944 1316; x_wconf 78' lang='lat' dir='ltr'><strong>Acconenfis</strong></span> <span class='ocrx_word' id='word_1_12' title='bbox 957 1251 1115 1335; x_wconf 90' lang='lat' dir='ltr'><strong>episcopus</strong></span> <span class='ocrx_word' id='word_1_13' title='bbox 1129 1252 1250 1334; x_wconf 88' lang='lat' dir='ltr'><strong>publice</strong></span> <span class='ocrx_word' id='word_1_14' title='bbox 1266 1253 1450 1335; x_wconf 85' lang='lat' dir='ltr'><strong>predicabat,</strong></span> 
     </span>
     <span class='ocr_line' id='line_1_3' title="bbox 428 1339 1449 1426; baseline -0.001 -20"><span class='ocrx_word' id='word_1_15' title='bbox 428 1345 511 1426; x_wconf 84' lang='lat' dir='ltr'><strong>quod</strong></span> <span class='ocrx_word' id='word_1_16' title='bbox 528 1342 632 1406; x_wconf 86' lang='lat' dir='ltr'><strong>David</strong></span> <span class='ocrx_word' id='word_1_17' title='bbox 652 1363 705 1405; x_wconf 92' lang='lat' dir='ltr'><strong>rex</strong></span> <span class='ocrx_word' id='word_1_18' title='bbox 723 1340 877 1425; x_wconf 89' lang='lat' dir='ltr'><strong>utriusque</strong></span> <span class='ocrx_word' id='word_1_19' title='bbox 891 1340 978 1403; x_wconf 90' lang='lat' dir='ltr'><strong>lndie</strong></span> <span class='ocrx_word' id='word_1_20' title='bbox 998 1341 1034 1404; x_wconf 88' lang='lat' dir='ltr'><strong>ad</strong></span> <span class='ocrx_word' id='word_1_21' title='bbox 1050 1339 1279 1404; x_wconf 88' lang='lat' dir='ltr'><strong>christianorum</strong></span> <span class='ocrx_word' id='word_1_22' title='bbox 1303 1341 1449 1405; x_wconf 88' lang='lat' dir='ltr'><strong>auxilium</strong></span> 
     </span>
     <span class='ocr_line' id='line_1_4' title="bbox 427 1429 1449 1512; baseline -0.001 -18"><span class='ocrx_word' id='word_1_23' title='bbox 427 1432 593 1512; x_wconf 81' lang='lat' dir='ltr'><strong>festinabat,</strong></span> <span class='ocrx_word' id='word_1_24' title='bbox 616 1432 769 1494; x_wconf 86' lang='lat' dir='ltr'><strong>adducens</strong></span> <span class='ocrx_word' id='word_1_25' title='bbox 787 1430 887 1492; x_wconf 91' lang='lat' dir='ltr'><strong>secum</strong></span> <span class='ocrx_word' id='word_1_26' title='bbox 909 1429 1105 1493; x_wconf 88' lang='lat' dir='ltr'><strong>serociffimos</strong></span> <span class='ocrx_word' id='word_1_27' title='bbox 1126 1429 1266 1512; x_wconf 89' lang='lat' dir='ltr'><strong>populos,</strong></span> <span class='ocrx_word' id='word_1_28' title='bbox 1291 1432 1344 1512; x_wconf 91' lang='lat' dir='ltr'><strong>qui</strong></span> <span class='ocrx_word' id='word_1_29' title='bbox 1364 1451 1449 1494; x_wconf 91' lang='lat' dir='ltr'><strong>more</strong></span> 
     </span>
     <span class='ocr_line' id='line_1_5' title="bbox 429 1518 1449 1602; baseline 0 -20"><span class='ocrx_word' id='word_1_30' title='bbox 429 1520 564 1584; x_wconf 91' lang='lat' dir='ltr'><strong>belluino</strong></span> <span class='ocrx_word' id='word_1_31' title='bbox 585 1521 767 1583; x_wconf 82' lang='lat' dir='ltr'>Sarracenos</span> <span class='ocrx_word' id='word_1_32' title='bbox 787 1518 944 1600; x_wconf 89' lang='lat' dir='ltr'><strong>sacrilegos</strong></span> <span class='ocrx_word' id='word_1_33' title='bbox 966 1518 1154 1580; x_wconf 84' lang='lat' dir='ltr'><strong>devorarent.</strong></span> <span class='ocrx_word' id='word_1_34' title='bbox 1175 1518 1256 1581; x_wconf 90' lang='lat' dir='ltr'><strong>Cum</strong></span> <span class='ocrx_word' id='word_1_35' title='bbox 1281 1540 1318 1580; x_wconf 90' lang='lat' dir='ltr'><strong>ue</strong></span> <span class='ocrx_word' id='word_1_36' title='bbox 1334 1518 1449 1602; x_wconf 88' lang='lat' dir='ltr'><strong>legatus</strong></span> 
     </span>
     <span class='ocr_line' id='line_1_6' title="bbox 426 1541 1450 1690; baseline -0.003 -20"><span class='ocrx_word' id='word_1_37' title='bbox 426 1610 545 1672; x_wconf 89' lang='lat' dir='ltr'><strong>videret</strong></span> <span class='ocrx_word' id='word_1_38' title='bbox 565 1608 593 1671; x_wconf 90' lang='lat' dir='ltr'><strong>se</strong></span> <span class='ocrx_word' id='word_1_39' title='bbox 615 1607 731 1670; x_wconf 72' lang='lat' dir='ltr'><strong>dissum</strong></span> <span class='ocrx_word' id='word_1_40' title='bbox 752 1606 911 1690; x_wconf 85' lang='lat' dir='ltr'><strong>negotium</strong></span> <span class='ocrx_word' id='word_1_41' title='bbox 932 1603 992 1668; x_wconf 87' lang='lat' dir='ltr'><strong>stne</strong></span> <span class='ocrx_word' id='word_1_42' title='bbox 1007 1603 1151 1668; x_wconf 92' lang='lat' dir='ltr'><strong>lobannis</strong></span> <span class='ocrx_word' id='word_1_43' title='bbox 1165 1606 1242 1688; x_wconf 90' lang='lat' dir='ltr'><strong>regis</strong></span> <span class='ocrx_word' id='word_1_44' title='bbox 1254 1541 1450 1690; x_wconf 69' lang='lat' dir='ltr'><strong>serosolymi-</strong></span> 
     </span>
     <span class='ocr_line' id='line_1_7' title="bbox 429 1691 1450 1780; baseline -0.004 -20"><span class='ocrx_word' id='word_1_45' title='bbox 429 1699 490 1759; x_wconf 88' lang='lat' dir='ltr'><strong>tani</strong></span> <span class='ocrx_word' id='word_1_46' title='bbox 506 1696 655 1780; x_wconf 84' lang='lat' dir='ltr'>presentia</span> <span class='ocrx_word' id='word_1_47' title='bbox 674 1695 802 1757; x_wconf 89' lang='lat' dir='ltr'><strong>minime</strong></span> <span class='ocrx_word' id='word_1_48' title='bbox 823 1693 1000 1777; x_wconf 88' lang='lat' dir='ltr'><strong>adimplere,</strong></span> <span class='ocrx_word' id='word_1_49' title='bbox 1024 1693 1139 1778; x_wconf 86' lang='lat' dir='ltr'><strong>legatos</strong></span> <span class='ocrx_word' id='word_1_50' title='bbox 1159 1695 1196 1756; x_wconf 90' lang='lat' dir='ltr'><strong>ad</strong></span> <span class='ocrx_word' id='word_1_51' title='bbox 1217 1691 1313 1774; x_wconf 91' lang='lat' dir='ltr'><strong>ipsum</strong></span> <span class='ocrx_word' id='word_1_52' title='bbox 1337 1693 1450 1778; x_wconf 84' lang='lat' dir='ltr'><strong>dirigit,</strong></span> 
     </span>
     <span class='ocr_line' id='line_1_8' title="bbox 426 1781 1449 1866; baseline -0.003 -20"><span class='ocrx_word' id='word_1_53' title='bbox 426 1783 626 1849; x_wconf 82' lang='lat' dir='ltr'><strong>mandans&amp;</strong></span> <span class='ocrx_word' id='word_1_54' title='bbox 653 1783 819 1866; x_wconf 89' lang='lat' dir='ltr'><strong>deprecans</strong></span> <span class='ocrx_word' id='word_1_55' title='bbox 847 1797 890 1860; x_wconf 85' lang='lat' dir='ltr'><strong>ut,</strong></span> <span class='ocrx_word' id='word_1_56' title='bbox 916 1782 1132 1865; x_wconf 90' lang='lat' dir='ltr'><strong>compatiendo</strong></span> <span class='ocrx_word' id='word_1_57' title='bbox 1158 1782 1328 1863; x_wconf 86' lang='lat' dir='ltr'>agminibus</span> <span class='ocrx_word' id='word_1_58' title='bbox 1356 1781 1449 1844; x_wconf 91' lang='lat' dir='ltr'><strong>cbris-</strong></span> 
     </span>
     <span class='ocr_line' id='line_1_9' title="bbox 426 1867 1449 1952; baseline -0.002 -16"><span class='ocrx_word' id='word_1_59' title='bbox 426 1875 525 1952; x_wconf 88' lang='lat' dir='ltr'><strong>tianis,</strong></span> <span class='ocrx_word' id='word_1_60' title='bbox 538 1869 663 1936; x_wconf 83' lang='lat' dir='ltr'><strong>ecclesie</strong></span> <span class='ocrx_word' id='word_1_61' title='bbox 674 1871 816 1934; x_wconf 83' lang='lat' dir='ltr'>Romane</span> <span class='ocrx_word' id='word_1_62' title='bbox 826 1870 854 1933; x_wconf 90' lang='lat' dir='ltr'><strong>se</strong></span> <span class='ocrx_word' id='word_1_63' title='bbox 865 1869 961 1932; x_wconf 91' lang='lat' dir='ltr'><strong>filium</strong></span> <span class='ocrx_word' id='word_1_64' title='bbox 974 1869 1200 1946; x_wconf 85' lang='lat' dir='ltr'><strong>demonstraret,</strong></span> <span class='ocrx_word' id='word_1_65' title='bbox 1214 1867 1291 1931; x_wconf 84' lang='lat' dir='ltr'><strong>&amp;ad</strong></span> <span class='ocrx_word' id='word_1_66' title='bbox 1304 1869 1449 1934; x_wconf 85' lang='lat' dir='ltr'><strong>Damiete</strong></span> 
     </span>
     <span class='ocr_line' id='line_1_10' title="bbox 426 1955 1448 2044; baseline -0.004 -20"><span class='ocrx_word' id='word_1_67' title='bbox 426 1963 533 2024; x_wconf 88' lang='lat' dir='ltr'><strong>urbem</strong></span> <span class='ocrx_word' id='word_1_68' title='bbox 543 1960 725 2044; x_wconf 89' lang='lat' dir='ltr'><strong>quantocius</strong></span> <span class='ocrx_word' id='word_1_69' title='bbox 736 1960 902 2041; x_wconf 87' lang='lat' dir='ltr'><strong>repedaret.</strong></span> <span class='ocrx_word' id='word_1_70' title='bbox 913 1958 1011 2023; x_wconf 91' lang='lat' dir='ltr'><strong>Cuius</strong></span> <span class='ocrx_word' id='word_1_71' title='bbox 1023 1958 1163 2041; x_wconf 86' lang='lat' dir='ltr'><strong>precibus</strong></span> <span class='ocrx_word' id='word_1_72' title='bbox 1173 1977 1225 2019; x_wconf 88' lang='lat' dir='ltr'><strong>rex</strong></span> <span class='ocrx_word' id='word_1_73' title='bbox 1233 1955 1338 2020; x_wconf 85' lang='lat' dir='ltr'><strong>libenti</strong></span> <span class='ocrx_word' id='word_1_74' title='bbox 1346 1959 1448 2020; x_wconf 90' lang='lat' dir='ltr'><strong>animo</strong></span> 
     </span>
     <span class='ocr_line' id='line_1_11' title="bbox 426 2043 1450 2132; baseline -0.006 -19"><span class='ocrx_word' id='word_1_75' title='bbox 426 2048 628 2132; x_wconf 81' lang='lat' dir='ltr'><strong>acquiescens,</strong></span> <span class='ocrx_word' id='word_1_76' title='bbox 640 2047 779 2130; x_wconf 91' lang='lat' dir='ltr'><strong>protinus</strong></span> <span class='ocrx_word' id='word_1_77' title='bbox 789 2047 959 2129; x_wconf 79' lang='lat' dir='ltr'><strong>repedavit;</strong></span> <span class='ocrx_word' id='word_1_78' title='bbox 970 2047 1154 2128; x_wconf 86' lang='lat' dir='ltr'><strong>cognitaque</strong></span> <span class='ocrx_word' id='word_1_79' title='bbox 1160 2043 1317 2108; x_wconf 84' lang='lat' dir='ltr'><strong>voluntate</strong></span> <span class='ocrx_word' id='word_1_80' title='bbox 1326 2043 1450 2130; x_wconf 84' lang='lat' dir='ltr'><strong>Pelagij,</strong></span> 
     </span>
     <span class='ocr_line' id='line_1_12' title="bbox 426 2131 1448 2219; baseline -0.004 -19"><span class='ocrx_word' id='word_1_81' title='bbox 426 2139 543 2201; x_wconf 65' lang='lat' dir='ltr'><strong>dissum</strong></span> <span class='ocrx_word' id='word_1_82' title='bbox 563 2137 645 2219; x_wconf 87' lang='lat' dir='ltr'><strong>cepit</strong></span> <span class='ocrx_word' id='word_1_83' title='bbox 665 2133 831 2198; x_wconf 75' lang='lat' dir='ltr'><strong>dissuadere</strong></span> <span class='ocrx_word' id='word_1_84' title='bbox 851 2137 1019 2218; x_wconf 84' lang='lat' dir='ltr'><strong>negotium,</strong></span> <span class='ocrx_word' id='word_1_85' title='bbox 1043 2131 1171 2196; x_wconf 85' lang='lat' dir='ltr'><strong>asserens</strong></span> <span class='ocrx_word' id='word_1_86' title='bbox 1193 2132 1308 2215; x_wconf 92' lang='lat' dir='ltr'><strong>populo</strong></span> <span class='ocrx_word' id='word_1_87' title='bbox 1324 2132 1386 2197; x_wconf 89' lang='lat' dir='ltr'><strong>Dei</strong></span> <span class='ocrx_word' id='word_1_88' title='bbox 1408 2135 1448 2196; x_wconf 93' lang='lat' dir='ltr'><strong>ibi</strong></span> 
     </span>
     <span class='ocr_line' id='line_1_13' title="bbox 426 2213 1449 2307; baseline -0.006 -19"><span class='ocrx_word' id='word_1_89' title='bbox 426 2225 541 2290; x_wconf 93' lang='lat' dir='ltr'><strong>incluso</strong></span> <span class='ocrx_word' id='word_1_90' title='bbox 557 2243 610 2307; x_wconf 88' lang='lat' dir='ltr'><strong>per</strong></span> <span class='ocrx_word' id='word_1_91' title='bbox 621 2240 732 2286; x_wconf 88' lang='lat' dir='ltr'><strong>terram</strong></span> <span class='ocrx_word' id='word_1_92' title='bbox 748 2219 873 2306; x_wconf 80' lang='lat' dir='ltr'><strong>strepet</strong></span> <span class='ocrx_word' id='word_1_93' title='bbox 888 2244 998 2306; x_wconf 88' lang='lat' dir='ltr'><strong>aquam</strong></span> <span class='ocrx_word' id='word_1_94' title='bbox 1009 2222 1090 2306; x_wconf 90' lang='lat' dir='ltr'><strong>posse</strong></span> <span class='ocrx_word' id='word_1_95' title='bbox 1105 2222 1276 2286; x_wconf 90' lang='lat' dir='ltr'><strong>nullatenus</strong></span> <span class='ocrx_word' id='word_1_96' title='bbox 1290 2213 1449 2284; x_wconf 73' lang='lat' dir='ltr'><strong>subve&#39;niri.</strong></span> 
     </span>
     <span class='ocr_line' id='line_1_14' title="bbox 428 2307 1450 2401; baseline -0.005 -26"><span class='ocrx_word' id='word_1_97' title='bbox 428 2313 524 2401; x_wconf 77' lang='lat' dir='ltr'><strong>Quod</strong></span> <span class='ocrx_word' id='word_1_98' title='bbox 540 2311 665 2374; x_wconf 84' lang='lat' dir='ltr'><strong>molelle</strong></span> <span class='ocrx_word' id='word_1_99' title='bbox 684 2311 783 2374; x_wconf 90' lang='lat' dir='ltr'><strong>serens</strong></span> <span class='ocrx_word' id='word_1_100' title='bbox 799 2309 948 2395; x_wconf 87' lang='lat' dir='ltr'><strong>Pelagius,</strong></span> <span class='ocrx_word' id='word_1_101' title='bbox 967 2312 1255 2375; x_wconf 86' lang='lat' dir='ltr'><strong>excommunicabat</strong></span> <span class='ocrx_word' id='word_1_102' title='bbox 1269 2307 1450 2393; x_wconf 84' lang='lat' dir='ltr'><strong>generaliter</strong></span> 
     </span>
     <span class='ocr_line' id='line_1_15' title="bbox 426 2398 1449 2482; baseline -0.007 -18"><span class='ocrx_word' id='word_1_103' title='bbox 426 2423 533 2465; x_wconf 90' lang='lat' dir='ltr'><strong>ornnes</strong></span> <span class='ocrx_word' id='word_1_104' title='bbox 544 2400 625 2464; x_wconf 93' lang='lat' dir='ltr'><strong>illius</strong></span> <span class='ocrx_word' id='word_1_105' title='bbox 636 2399 750 2482; x_wconf 88' lang='lat' dir='ltr'><strong>negotij</strong></span> <span class='ocrx_word' id='word_1_106' title='bbox 764 2401 999 2481; x_wconf 89' lang='lat' dir='ltr'><strong>perturbatores.</strong></span> <span class='ocrx_word' id='word_1_107' title='bbox 1011 2400 1128 2462; x_wconf 92' lang='lat' dir='ltr'><strong>Videns</strong></span> <span class='ocrx_word' id='word_1_108' title='bbox 1139 2415 1241 2462; x_wconf 90' lang='lat' dir='ltr'><strong>autem</strong></span> <span class='ocrx_word' id='word_1_109' title='bbox 1251 2419 1304 2461; x_wconf 85' lang='lat' dir='ltr'><strong>rex</strong></span> <span class='ocrx_word' id='word_1_110' title='bbox 1314 2398 1449 2460; x_wconf 84' lang='lat' dir='ltr'><strong>attimum</strong></span> 
     </span>
     <span class='ocr_line' id='line_1_16' title="bbox 427 2483 1450 2573; baseline -0.006 -21"><span class='ocrx_word' id='word_1_111' title='bbox 427 2488 538 2573; x_wconf 88' lang='lat' dir='ltr'><strong>Pelagij</strong></span> <span class='ocrx_word' id='word_1_112' title='bbox 558 2509 621 2551; x_wconf 91' lang='lat' dir='ltr'><strong>non</strong></span> <span class='ocrx_word' id='word_1_113' title='bbox 644 2484 725 2569; x_wconf 90' lang='lat' dir='ltr'><strong>posse</strong></span> <span class='ocrx_word' id='word_1_114' title='bbox 745 2508 763 2549; x_wconf 88' lang='lat' dir='ltr'><strong>a</strong></span> <span class='ocrx_word' id='word_1_115' title='bbox 777 2485 931 2570; x_wconf 85' lang='lat' dir='ltr'><strong>proposito</strong></span> <span class='ocrx_word' id='word_1_116' title='bbox 947 2491 1109 2567; x_wconf 89' lang='lat' dir='ltr'><strong>removeri,</strong></span> <span class='ocrx_word' id='word_1_117' title='bbox 1128 2489 1240 2552; x_wconf 89' lang='lat' dir='ltr'><strong>invitus</strong></span> <span class='ocrx_word' id='word_1_118' title='bbox 1256 2486 1409 2570; x_wconf 90' lang='lat' dir='ltr'><strong>promittit</strong></span> <span class='ocrx_word' id='word_1_119' title='bbox 1422 2483 1450 2546; x_wconf 88' lang='lat' dir='ltr'><strong>se</strong></span> 
     </span>
     <span class='ocr_line' id='line_1_17' title="bbox 425 2573 1450 2660; baseline -0.005 -19"><span class='ocrx_word' id='word_1_120' title='bbox 425 2599 497 2641; x_wconf 88' lang='lat' dir='ltr'><strong>cum</strong></span> <span class='ocrx_word' id='word_1_121' title='bbox 517 2599 555 2640; x_wconf 93' lang='lat' dir='ltr'><strong>eo</strong></span> <span class='ocrx_word' id='word_1_122' title='bbox 575 2575 658 2638; x_wconf 92' lang='lat' dir='ltr'><strong>illico</strong></span> <span class='ocrx_word' id='word_1_123' title='bbox 674 2575 891 2657; x_wconf 72' lang='lat' dir='ltr'><strong>profecturum,</strong></span> <span class='ocrx_word' id='word_1_124' title='bbox 913 2575 1026 2659; x_wconf 90' lang='lat' dir='ltr'><strong>eligens</strong></span> <span class='ocrx_word' id='word_1_125' title='bbox 1047 2578 1149 2659; x_wconf 91' lang='lat' dir='ltr'><strong>potius</strong></span> <span class='ocrx_word' id='word_1_126' title='bbox 1169 2573 1258 2660; x_wconf 85' lang='lat' dir='ltr'><strong>affligi</strong></span> <span class='ocrx_word' id='word_1_127' title='bbox 1273 2595 1345 2637; x_wconf 91' lang='lat' dir='ltr'><strong>cum</strong></span> <span class='ocrx_word' id='word_1_128' title='bbox 1358 2573 1450 2636; x_wconf 90' lang='lat' dir='ltr'><strong>chris-</strong></span> 
     </span>
     <span class='ocr_line' id='line_1_18' title="bbox 426 2659 1449 2748; baseline -0.004 -20"><span class='ocrx_word' id='word_1_129' title='bbox 426 2667 509 2728; x_wconf 90' lang='lat' dir='ltr'><strong>tiano</strong></span> <span class='ocrx_word' id='word_1_130' title='bbox 520 2662 647 2748; x_wconf 93' lang='lat' dir='ltr'><strong>populo,</strong></span> <span class='ocrx_word' id='word_1_131' title='bbox 657 2661 706 2724; x_wconf 89' lang='lat' dir='ltr'><strong>vel</strong></span> <span class='ocrx_word' id='word_1_132' title='bbox 716 2663 860 2726; x_wconf 90' lang='lat' dir='ltr'><strong>subiendo</strong></span> <span class='ocrx_word' id='word_1_133' title='bbox 872 2665 1060 2747; x_wconf 87' lang='lat' dir='ltr'><strong>martyrium,</strong></span> <span class='ocrx_word' id='word_1_134' title='bbox 1075 2685 1166 2745; x_wconf 86' lang='lat' dir='ltr'><strong>quarn</strong></span> <span class='ocrx_word' id='word_1_135' title='bbox 1178 2685 1249 2725; x_wconf 88' lang='lat' dir='ltr'><strong>eum</strong></span> <span class='ocrx_word' id='word_1_136' title='bbox 1260 2659 1322 2725; x_wconf 84' lang='lat' dir='ltr'><strong>stne</strong></span> <span class='ocrx_word' id='word_1_137' title='bbox 1332 2661 1449 2724; x_wconf 75' lang='lat' dir='ltr'><strong>redbore</strong></span> 
     </span>
     <span class='ocr_line' id='line_1_19' title="bbox 425 2749 1448 2835; baseline -0.004 -20"><span class='ocrx_word' id='word_1_138' title='bbox 425 2753 607 2835; x_wconf 89' lang='lat' dir='ltr'><strong>relinquere,</strong></span> <span class='ocrx_word' id='word_1_139' title='bbox 617 2749 665 2811; x_wconf 83' lang='lat' dir='ltr'><strong>vel</strong></span> <span class='ocrx_word' id='word_1_140' title='bbox 677 2751 707 2811; x_wconf 93' lang='lat' dir='ltr'><strong>in</strong></span> <span class='ocrx_word' id='word_1_141' title='bbox 718 2750 878 2813; x_wconf 88' lang='lat' dir='ltr'><strong>volutabro</strong></span> <span class='ocrx_word' id='word_1_142' title='bbox 890 2751 1082 2833; x_wconf 91' lang='lat' dir='ltr'><strong>voluptatum</strong></span> <span class='ocrx_word' id='word_1_143' title='bbox 1093 2750 1272 2814; x_wconf 84' lang='lat' dir='ltr'><strong>secularium</strong></span> <span class='ocrx_word' id='word_1_144' title='bbox 1284 2769 1448 2814; x_wconf 86' lang='lat' dir='ltr'><strong>remanere.</strong></span> 
     </span>
    </p>

    <p class='ocr_par' dir='ltr' id='par_1_3' title="bbox 421 2836 1556 4859">
     <span class='ocr_line' id='line_1_20' title="bbox 465 2836 1556 2921; baseline -0.005 -18"><span class='ocrx_word' id='word_1_145' title='bbox 465 2837 501 2903; x_wconf 87' lang='lat' dir='ltr'><strong>In</strong></span> <span class='ocrx_word' id='word_1_146' title='bbox 516 2839 589 2902; x_wconf 89' lang='lat' dir='ltr'><strong>sesto</strong></span> <span class='ocrx_word' id='word_1_147' title='bbox 606 2854 708 2900; x_wconf 88' lang='lat' dir='ltr'><strong>autem</strong></span> <span class='ocrx_word' id='word_1_148' title='bbox 722 2838 930 2920; x_wconf 88' lang='lat' dir='ltr'><strong>apostolorum</strong></span> <span class='ocrx_word' id='word_1_149' title='bbox 945 2838 1024 2901; x_wconf 92' lang='lat' dir='ltr'><strong>Petri</strong></span> <span class='ocrx_word' id='word_1_150' title='bbox 1040 2839 1070 2902; x_wconf 89' lang='lat'>&amp;</span> <span class='ocrx_word' id='word_1_151' title='bbox 1085 2837 1179 2917; x_wconf 89' lang='lat' dir='ltr'><strong>Pauli,</strong></span> <span class='ocrx_word' id='word_1_152' title='bbox 1200 2839 1338 2921; x_wconf 86' lang='lat' dir='ltr'><strong>precepit</strong></span> <span class='ocrx_word' id='word_1_153' title='bbox 1352 2859 1405 2901; x_wconf 86' lang='lat' dir='ltr'><strong>rex</strong></span> <span class='ocrx_word' id='word_1_154' title='bbox 1419 2836 1449 2901; x_wconf 73' lang='grc' dir='ltr'><strong>δι</strong></span> <span class='ocrx_word' id='word_1_155' title='bbox 1463 2845 1513 2897; x_wconf 83' lang='lat' dir='ltr'><strong>Im.</strong></span> <span class='ocrx_word' id='word_1_156' title='bbox 1526 2863 1556 2912; x_wconf 83' lang='lat'><strong>²9</strong></span> 
     </span>
     <span class='ocr_line' id='line_1_21' title="bbox 424 2927 1450 3012; baseline -0.002 -22"><span class='ocrx_word' id='word_1_157' title='bbox 424 2929 541 3012; x_wconf 87' lang='lat' dir='ltr'><strong>legatus</strong></span> <span class='ocrx_word' id='word_1_158' title='bbox 563 2941 596 2990; x_wconf 92' lang='lat' dir='ltr'><strong>ut</strong></span> <span class='ocrx_word' id='word_1_159' title='bbox 610 2946 717 2988; x_wconf 88' lang='lat' dir='ltr'><strong>ornnes</strong></span> <span class='ocrx_word' id='word_1_160' title='bbox 737 2927 867 2989; x_wconf 65' lang='lat' dir='ltr'><strong>accindi</strong></span> <span class='ocrx_word' id='word_1_161' title='bbox 888 2928 979 2990; x_wconf 90' lang='lat' dir='ltr'><strong>armis</strong></span> <span class='ocrx_word' id='word_1_162' title='bbox 1002 2927 1118 2990; x_wconf 88' lang='lat' dir='ltr'><strong>bellicis</strong></span> <span class='ocrx_word' id='word_1_163' title='bbox 1134 2929 1172 2989; x_wconf 91' lang='lat' dir='ltr'><strong>de</strong></span> <span class='ocrx_word' id='word_1_164' title='bbox 1185 2927 1309 2989; x_wconf 88' lang='lat' dir='ltr'><strong>civitate</strong></span> <span class='ocrx_word' id='word_1_165' title='bbox 1323 2927 1450 3005; x_wconf 80' lang='lat' dir='ltr'><strong>exirent,</strong></span> 
     </span>
     <span class='ocr_line' id='line_1_22' title="bbox 424 3011 1449 3098; baseline -0.004 -17"><span class='ocrx_word' id='word_1_166' title='bbox 424 3017 455 3080; x_wconf 74' lang='grc' dir='ltr'><strong>δι</strong></span> <span class='ocrx_word' id='word_1_167' title='bbox 467 3017 567 3080; x_wconf 87' lang='lat' dir='ltr'><strong>secum</strong></span> <span class='ocrx_word' id='word_1_168' title='bbox 590 3014 739 3098; x_wconf 82' lang='lat' dir='ltr'><strong>usquead</strong></span> <span class='ocrx_word' id='word_1_169' title='bbox 763 3015 839 3078; x_wconf 87' lang='lat' dir='ltr'><strong>duos</strong></span> <span class='ocrx_word' id='word_1_170' title='bbox 858 3013 973 3079; x_wconf 87' lang='lat' dir='ltr'><strong>menses</strong></span> <span class='ocrx_word' id='word_1_171' title='bbox 993 3014 1136 3077; x_wconf 62' lang='lat' dir='ltr'><strong>vidsualia</strong></span> <span class='ocrx_word' id='word_1_172' title='bbox 1159 3015 1364 3097; x_wconf 79' lang='lat' dir='ltr'><strong>deportarent.</strong></span> <span class='ocrx_word' id='word_1_173' title='bbox 1385 3011 1449 3078; x_wconf 85' lang='lat' dir='ltr'><strong>Die</strong></span> 
     </span>
     <span class='ocr_line' id='line_1_23' title="bbox 424 3101 1449 3189; baseline -0.004 -21"><span class='ocrx_word' id='word_1_174' title='bbox 424 3106 517 3189; x_wconf 86' lang='lat' dir='ltr'><strong>igitur</strong></span> <span class='ocrx_word' id='word_1_175' title='bbox 534 3103 683 3185; x_wconf 81' lang='lat' dir='ltr'><strong>assignata,</strong></span> <span class='ocrx_word' id='word_1_176' title='bbox 696 3101 872 3166; x_wconf 90' lang='lat' dir='ltr'><strong>christianus</strong></span> <span class='ocrx_word' id='word_1_177' title='bbox 890 3103 1050 3182; x_wconf 86' lang='lat' dir='ltr'><strong>exercitus,</strong></span> <span class='ocrx_word' id='word_1_178' title='bbox 1065 3102 1115 3184; x_wconf 86' lang='lat' dir='ltr'><strong>spe</strong></span> <span class='ocrx_word' id='word_1_179' title='bbox 1129 3102 1279 3166; x_wconf 88' lang='lat' dir='ltr'><strong>mercedis</strong></span> <span class='ocrx_word' id='word_1_180' title='bbox 1293 3101 1449 3166; x_wconf 87' lang='lat' dir='ltr'><strong>&amp;corone</strong></span> 
     </span>
     <span class='ocr_line' id='line_1_24' title="bbox 424 3189 1450 3274; baseline -0.005 -17"><span class='ocrx_word' id='word_1_181' title='bbox 424 3195 481 3257; x_wconf 87' lang='lat' dir='ltr'><strong>iter</strong></span> <span class='ocrx_word' id='word_1_182' title='bbox 501 3192 664 3274; x_wconf 85' lang='lat' dir='ltr'><strong>accipiens,</strong></span> <span class='ocrx_word' id='word_1_183' title='bbox 685 3211 702 3251; x_wconf 89' lang='lat' dir='ltr'><strong>a</strong></span> <span class='ocrx_word' id='word_1_184' title='bbox 720 3189 831 3254; x_wconf 89' lang='lat' dir='ltr'><strong>finibus</strong></span> <span class='ocrx_word' id='word_1_185' title='bbox 846 3189 991 3254; x_wconf 89' lang='lat' dir='ltr'><strong>Damiete</strong></span> <span class='ocrx_word' id='word_1_186' title='bbox 1014 3205 1103 3253; x_wconf 89' lang='lat' dir='ltr'><strong>caute</strong></span> <span class='ocrx_word' id='word_1_187' title='bbox 1117 3191 1148 3253; x_wconf 74' lang='grc' dir='ltr'><strong>δι</strong></span> <span class='ocrx_word' id='word_1_188' title='bbox 1160 3191 1299 3254; x_wconf 88' lang='lat' dir='ltr'><strong>ordinate</strong></span> <span class='ocrx_word' id='word_1_189' title='bbox 1324 3211 1450 3274; x_wconf 88' lang='lat' dir='ltr'><strong>progre-</strong></span> 
     </span>
     <span class='ocr_line' id='line_1_25' title="bbox 424 3278 1449 3362; baseline -0.004 -19"><span class='ocrx_word' id='word_1_190' title='bbox 424 3283 515 3359; x_wconf 89' lang='lat' dir='ltr'><strong>ditur,</strong></span> <span class='ocrx_word' id='word_1_191' title='bbox 538 3278 734 3342; x_wconf 90' lang='lat' dir='ltr'><strong>multitudine</strong></span> <span class='ocrx_word' id='word_1_192' title='bbox 755 3280 880 3340; x_wconf 87' lang='lat' dir='ltr'><strong>navium</strong></span> <span class='ocrx_word' id='word_1_193' title='bbox 895 3300 949 3362; x_wconf 89' lang='lat' dir='ltr'><strong>pet</strong></span> <span class='ocrx_word' id='word_1_194' title='bbox 961 3278 1081 3342; x_wconf 86' lang='lat' dir='ltr'><strong>alveum</strong></span> <span class='ocrx_word' id='word_1_195' title='bbox 1096 3279 1230 3342; x_wconf 91' lang='lat' dir='ltr'><strong>lluminis</strong></span> <span class='ocrx_word' id='word_1_196' title='bbox 1244 3301 1328 3342; x_wconf 89' lang='lat' dir='ltr'><strong>arma</strong></span> <span class='ocrx_word' id='word_1_197' title='bbox 1341 3299 1449 3341; x_wconf 91' lang='lat' dir='ltr'><strong>eorum</strong></span> 
     </span>
     <span class='ocr_line' id='line_1_26' title="bbox 424 3364 1449 3445; baseline -0.002 -13"><span class='ocrx_word' id='word_1_198' title='bbox 424 3390 544 3432; x_wconf 89' lang='lat' dir='ltr'><strong>necnon</strong></span> <span class='ocrx_word' id='word_1_199' title='bbox 560 3366 591 3430; x_wconf 74' lang='lat' dir='ltr'><strong>bt</strong></span> <span class='ocrx_word' id='word_1_200' title='bbox 604 3364 747 3428; x_wconf 77' lang='lat' dir='ltr'><strong>vidlualia</strong></span> <span class='ocrx_word' id='word_1_201' title='bbox 760 3366 924 3430; x_wconf 89' lang='lat' dir='ltr'><strong>deserente.</strong></span> <span class='ocrx_word' id='word_1_202' title='bbox 949 3367 1046 3431; x_wconf 88' lang='lat' dir='ltr'><strong>Multi</strong></span> <span class='ocrx_word' id='word_1_203' title='bbox 1061 3383 1163 3430; x_wconf 89' lang='lat' dir='ltr'><strong>autern</strong></span> <span class='ocrx_word' id='word_1_204' title='bbox 1178 3388 1294 3445; x_wconf 92' lang='lat' dir='ltr'><strong>eorum,</strong></span> <span class='ocrx_word' id='word_1_205' title='bbox 1307 3368 1449 3430; x_wconf 86' lang='lat' dir='ltr'><strong>timentes</strong></span> 
     </span>
     <span class='ocr_line' id='line_1_27' title="bbox 424 3453 1449 3627; baseline -0.003 -19"><span class='ocrx_word' id='word_1_206' title='bbox 424 3458 520 3608; x_wconf 56' lang='lat' dir='ltr'><strong>ists.</strong></span> <span class='ocrx_word' id='word_1_207' title='bbox 531 3454 697 3626; x_wconf 55' lang='lat' dir='ltr'><strong>libis</strong></span> <span class='ocrx_word' id='word_1_208' title='bbox 710 3453 1449 3627; x_wconf 56' lang='lat' dir='ltr'><strong>lst&#39;ssssttl.‘itigtdssstblss&#39;idilizt</strong></span> 
     </span>
     <span class='ocr_line' id='line_1_28' title="bbox 423 3629 1449 3715; baseline -0.001 -23"><span class='ocrx_word' id='word_1_209' title='bbox 423 3630 502 3710; x_wconf 85' lang='lat' dir='ltr'><strong>solis,</strong></span> <span class='ocrx_word' id='word_1_210' title='bbox 524 3631 553 3694; x_wconf 78' lang='lat' dir='ltr'><strong>dt</strong></span> <span class='ocrx_word' id='word_1_211' title='bbox 575 3630 661 3692; x_wconf 90' lang='lat' dir='ltr'><strong>labor</strong></span> <span class='ocrx_word' id='word_1_212' title='bbox 681 3631 807 3710; x_wconf 91' lang='lat' dir='ltr'><strong>itineris,</strong></span> <span class='ocrx_word' id='word_1_213' title='bbox 831 3632 1047 3715; x_wconf 83' lang='lat' dir='ltr'><strong>&amp;frequentes</strong></span> <span class='ocrx_word' id='word_1_214' title='bbox 1062 3629 1194 3694; x_wconf 89' lang='lat' dir='ltr'><strong>incursus</strong></span> <span class='ocrx_word' id='word_1_215' title='bbox 1208 3629 1349 3708; x_wconf 85' lang='lat' dir='ltr'><strong>hostium,</strong></span> <span class='ocrx_word' id='word_1_216' title='bbox 1363 3651 1449 3692; x_wconf 90' lang='lat' dir='ltr'><strong>com-</strong></span> 
     </span>
     <span class='ocr_line' id='line_1_29' title="bbox 425 3715 1448 3803; baseline -0.003 -21"><span class='ocrx_word' id='word_1_217' title='bbox 425 3719 566 3801; x_wconf 90' lang='lat' dir='ltr'><strong>pulerunt</strong></span> <span class='ocrx_word' id='word_1_218' title='bbox 580 3741 633 3782; x_wconf 89' lang='lat' dir='ltr'><strong>eos</strong></span> <span class='ocrx_word' id='word_1_219' title='bbox 645 3718 719 3781; x_wconf 91' lang='lat' dir='ltr'><strong>illud</strong></span> <span class='ocrx_word' id='word_1_220' title='bbox 735 3741 813 3782; x_wconf 90' lang='lat' dir='ltr'><strong>onus</strong></span> <span class='ocrx_word' id='word_1_221' title='bbox 828 3718 1000 3803; x_wconf 90' lang='lat' dir='ltr'><strong>relinquere</strong></span> <span class='ocrx_word' id='word_1_222' title='bbox 1013 3720 1050 3782; x_wconf 89' lang='lat' dir='ltr'><strong>ad</strong></span> <span class='ocrx_word' id='word_1_223' title='bbox 1066 3719 1128 3781; x_wconf 91' lang='lat' dir='ltr'><strong>duo</strong></span> <span class='ocrx_word' id='word_1_224' title='bbox 1143 3718 1284 3782; x_wconf 89' lang='lat' dir='ltr'><strong>milliaria</strong></span> <span class='ocrx_word' id='word_1_225' title='bbox 1294 3715 1448 3782; x_wconf 88' lang='lat' dir='ltr'><strong>Damiete.</strong></span> 
     </span>
     <span class='ocr_line' id='line_1_30' title="bbox 424 3805 1448 3891; baseline -0.001 -21"><span class='ocrx_word' id='word_1_226' title='bbox 424 3807 583 3871; x_wconf 83' lang='lat' dir='ltr'><strong>Sexdecim</strong></span> <span class='ocrx_word' id='word_1_227' title='bbox 605 3821 706 3868; x_wconf 86' lang='lat' dir='ltr'><strong>autem</strong></span> <span class='ocrx_word' id='word_1_228' title='bbox 722 3805 822 3870; x_wconf 83' lang='lat' dir='ltr'><strong>stadiis</strong></span> <span class='ocrx_word' id='word_1_229' title='bbox 837 3809 867 3870; x_wconf 89' lang='lat' dir='ltr'><strong>in</strong></span> <span class='ocrx_word' id='word_1_230' title='bbox 883 3805 1019 3891; x_wconf 87' lang='lat' dir='ltr'><strong>longum,</strong></span> <span class='ocrx_word' id='word_1_231' title='bbox 1040 3806 1070 3870; x_wconf 74' lang='grc' dir='ltr'><strong>δι</strong></span> <span class='ocrx_word' id='word_1_232' title='bbox 1094 3806 1166 3869; x_wconf 70' lang='lat' dir='ltr'><strong>osto</strong></span> <span class='ocrx_word' id='word_1_233' title='bbox 1182 3806 1323 3870; x_wconf 89' lang='lat' dir='ltr'><strong>inlatum</strong></span> <span class='ocrx_word' id='word_1_234' title='bbox 1343 3820 1448 3869; x_wconf 86' lang='lat' dir='ltr'><strong>exten·</strong></span> 
     </span>
     <span class='ocr_line' id='line_1_31' title="bbox 422 3892 1450 3977; baseline -0.002 -20"><span class='ocrx_word' id='word_1_235' title='bbox 422 3895 550 3957; x_wconf 90' lang='lat' dir='ltr'><strong>debatur</strong></span> <span class='ocrx_word' id='word_1_236' title='bbox 567 3892 660 3957; x_wconf 89' lang='lat' dir='ltr'><strong>stolus</strong></span> <span class='ocrx_word' id='word_1_237' title='bbox 681 3895 831 3957; x_wconf 91' lang='lat' dir='ltr'><strong>exercitus</strong></span> <span class='ocrx_word' id='word_1_238' title='bbox 850 3895 1010 3958; x_wconf 90' lang='lat' dir='ltr'><strong>christiani.</strong></span> <span class='ocrx_word' id='word_1_239' title='bbox 1032 3894 1099 3957; x_wconf 89' lang='lat' dir='ltr'><strong>Rex</strong></span> <span class='ocrx_word' id='word_1_240' title='bbox 1120 3909 1222 3956; x_wconf 89' lang='lat' dir='ltr'><strong>autem</strong></span> <span class='ocrx_word' id='word_1_241' title='bbox 1236 3895 1450 3977; x_wconf 83' lang='lat' dir='ltr'><strong>impetraverat</strong></span> 
     </span>
     <span class='ocr_line' id='line_1_32' title="bbox 424 3980 1448 4066; baseline 0 -21"><span class='ocrx_word' id='word_1_242' title='bbox 424 3984 506 4066; x_wconf 91' lang='lat' dir='ltr'><strong>quod</strong></span> <span class='ocrx_word' id='word_1_243' title='bbox 523 4003 629 4046; x_wconf 90' lang='lat' dir='ltr'><strong>omnes</strong></span> <span class='ocrx_word' id='word_1_244' title='bbox 644 3984 863 4066; x_wconf 85' lang='lat' dir='ltr'><strong>congregatim,</strong></span> <span class='ocrx_word' id='word_1_245' title='bbox 877 3982 966 4046; x_wconf 91' lang='lat' dir='ltr'><strong>denso</strong></span> <span class='ocrx_word' id='word_1_246' title='bbox 979 3983 1109 4066; x_wconf 83' lang='lat' dir='ltr'><strong>agmine,</strong></span> <span class='ocrx_word' id='word_1_247' title='bbox 1122 3980 1220 4066; x_wconf 85' lang='lat' dir='ltr'><strong>gressu</strong></span> <span class='ocrx_word' id='word_1_248' title='bbox 1235 3982 1404 4066; x_wconf 80' lang='lat' dir='ltr'><strong>parviffimo</strong></span> <span class='ocrx_word' id='word_1_249' title='bbox 1418 3980 1448 4045; x_wconf 78' lang='lat' dir='ltr'><strong>dt</strong></span> 
     </span>
     <span class='ocr_line' id='line_1_33' title="bbox 422 4068 1447 4153; baseline 0 -19"><span class='ocrx_word' id='word_1_250' title='bbox 422 4071 483 4134; x_wconf 87' lang='lat' dir='ltr'><strong>stne</strong></span> <span class='ocrx_word' id='word_1_251' title='bbox 503 4070 589 4134; x_wconf 90' lang='lat' dir='ltr'><strong>vocis</strong></span> <span class='ocrx_word' id='word_1_252' title='bbox 612 4069 737 4152; x_wconf 86' lang='lat' dir='ltr'><strong>strepitu</strong></span> <span class='ocrx_word' id='word_1_253' title='bbox 752 4071 938 4150; x_wconf 86' lang='lat' dir='ltr'><strong>incedentes,</strong></span> <span class='ocrx_word' id='word_1_254' title='bbox 960 4070 1085 4134; x_wconf 88' lang='lat' dir='ltr'><strong>Parthos</strong></span> <span class='ocrx_word' id='word_1_255' title='bbox 1106 4069 1255 4153; x_wconf 87' lang='lat' dir='ltr'><strong>fugientes</strong></span> <span class='ocrx_word' id='word_1_256' title='bbox 1275 4068 1447 4134; x_wconf 84' lang='lat' dir='ltr'><strong>nullatenus</strong></span> 
     </span>
     <span class='ocr_line' id='line_1_34' title="bbox 423 4153 1447 4236; baseline -0.001 -16"><span class='ocrx_word' id='word_1_257' title='bbox 423 4157 611 4236; x_wconf 76' lang='lat' dir='ltr'><strong>insedissent,</strong></span> <span class='ocrx_word' id='word_1_258' title='bbox 632 4153 716 4220; x_wconf 84' lang='lat' dir='ltr'><strong>&amp;stc</strong></span> <span class='ocrx_word' id='word_1_259' title='bbox 730 4158 780 4220; x_wconf 91' lang='lat' dir='ltr'><strong>die</strong></span> <span class='ocrx_word' id='word_1_260' title='bbox 798 4179 834 4221; x_wconf 86' lang='lat' dir='ltr'><strong>ac</strong></span> <span class='ocrx_word' id='word_1_261' title='bbox 852 4159 944 4222; x_wconf 70' lang='lat' dir='ltr'><strong>nosse</strong></span> <span class='ocrx_word' id='word_1_262' title='bbox 964 4181 1025 4222; x_wconf 90' lang='lat' dir='ltr'><strong>non</strong></span> <span class='ocrx_word' id='word_1_263' title='bbox 1040 4157 1192 4223; x_wconf 84' lang='lat' dir='ltr'><strong>cessabant</strong></span> <span class='ocrx_word' id='word_1_264' title='bbox 1205 4158 1319 4222; x_wconf 91' lang='lat' dir='ltr'><strong>inimici</strong></span> <span class='ocrx_word' id='word_1_265' title='bbox 1336 4157 1447 4222; x_wconf 89' lang='lat' dir='ltr'><strong>Crucis</strong></span> 
     </span>
     <span class='ocr_line' id='line_1_35' title="bbox 422 4245 1446 4331; baseline -0.002 -21"><span class='ocrx_word' id='word_1_266' title='bbox 422 4245 644 4329; x_wconf 80' lang='lat' dir='ltr'><strong>crucesignatos</strong></span> <span class='ocrx_word' id='word_1_267' title='bbox 665 4246 849 4310; x_wconf 88' lang='lat' dir='ltr'><strong>christicolas</strong></span> <span class='ocrx_word' id='word_1_268' title='bbox 870 4246 1084 4311; x_wconf 87' lang='lat' dir='ltr'><strong>iaculorum&amp;</strong></span> <span class='ocrx_word' id='word_1_269' title='bbox 1108 4249 1278 4330; x_wconf 85' lang='lat' dir='ltr'><strong>sagittarum</strong></span> <span class='ocrx_word' id='word_1_270' title='bbox 1300 4245 1446 4331; x_wconf 88' lang='lat' dir='ltr'><strong>grandine</strong></span> 
     </span>
     <span class='ocr_line' id='line_1_36' title="bbox 423 4332 1445 4419; baseline -0.003 -21"><span class='ocrx_word' id='word_1_271' title='bbox 423 4337 611 4419; x_wconf 91' lang='lat' dir='ltr'><strong>impugnare.</strong></span> <span class='ocrx_word' id='word_1_272' title='bbox 640 4333 785 4397; x_wconf 87' lang='lat' dir='ltr'><strong>Tandem</strong></span> <span class='ocrx_word' id='word_1_273' title='bbox 814 4351 976 4418; x_wconf 87' lang='lat' dir='ltr'><strong>preeuntes</strong></span> <span class='ocrx_word' id='word_1_274' title='bbox 999 4335 1167 4399; x_wconf 88' lang='lat' dir='ltr'><strong>exercitum</strong></span> <span class='ocrx_word' id='word_1_275' title='bbox 1196 4334 1331 4398; x_wconf 88' lang='lat' dir='ltr'><strong>nostrum</strong></span> <span class='ocrx_word' id='word_1_276' title='bbox 1355 4332 1445 4396; x_wconf 84' lang='lat' dir='ltr'><strong>&amp;ad</strong></span> 
     </span>
     <span class='ocr_line' id='line_1_37' title="bbox 423 4421 1446 4507; baseline 0.002 -23"><span class='ocrx_word' id='word_1_277' title='bbox 423 4438 550 4505; x_wconf 89' lang='lat' dir='ltr'><strong>pontem</strong></span> <span class='ocrx_word' id='word_1_278' title='bbox 567 4424 734 4504; x_wconf 87' lang='lat' dir='ltr'><strong>venientes,</strong></span> <span class='ocrx_word' id='word_1_279' title='bbox 749 4425 825 4488; x_wconf 88' lang='lat' dir='ltr'><strong>infra</strong></span> <span class='ocrx_word' id='word_1_280' title='bbox 841 4425 934 4489; x_wconf 84' lang='lat' dir='ltr'><strong>casale</strong></span> <span class='ocrx_word' id='word_1_281' title='bbox 956 4425 984 4488; x_wconf 90' lang='lat' dir='ltr'><strong>se</strong></span> <span class='ocrx_word' id='word_1_282' title='bbox 994 4439 1185 4507; x_wconf 88' lang='lat' dir='ltr'><strong>receperunt,</strong></span> <span class='ocrx_word' id='word_1_283' title='bbox 1198 4423 1292 4486; x_wconf 84' lang='lat' dir='ltr'><strong>casale</strong></span> <span class='ocrx_word' id='word_1_284' title='bbox 1303 4423 1333 4487; x_wconf 82' lang='lat' dir='ltr'><strong>dt</strong></span> <span class='ocrx_word' id='word_1_285' title='bbox 1344 4421 1446 4505; x_wconf 87' lang='lat' dir='ltr'><strong>pontis</strong></span> 
     </span>
     <span class='ocr_line' id='line_1_38' title="bbox 422 4509 1446 4576; baseline -0.001 -4"><span class='ocrx_word' id='word_1_286' title='bbox 422 4511 522 4574; x_wconf 86' lang='lat' dir='ltr'><strong>aditus</strong></span> <span class='ocrx_word' id='word_1_287' title='bbox 549 4526 735 4574; x_wconf 89' lang='lat' dir='ltr'><strong>armatorum</strong></span> <span class='ocrx_word' id='word_1_288' title='bbox 763 4511 959 4576; x_wconf 89' lang='lat' dir='ltr'><strong>multitudine</strong></span> <span class='ocrx_word' id='word_1_289' title='bbox 983 4511 1162 4574; x_wconf 87' lang='lat' dir='ltr'><strong>munientes.</strong></span> <span class='ocrx_word' id='word_1_290' title='bbox 1187 4509 1291 4574; x_wconf 82' lang='lat' dir='ltr'><strong>Nostri</strong></span> <span class='ocrx_word' id='word_1_291' title='bbox 1315 4530 1389 4572; x_wconf 87' lang='lat' dir='ltr'><strong>vero</strong></span> <span class='ocrx_word' id='word_1_292' title='bbox 1415 4509 1446 4572; x_wconf 89' lang='lat' dir='ltr'><strong>in</strong></span> 
     </span>
     <span class='ocr_line' id='line_1_39' title="bbox 423 4595 1446 4682; baseline -0.001 -22"><span class='ocrx_word' id='word_1_293' title='bbox 423 4597 548 4682; x_wconf 88' lang='lat' dir='ltr'><strong>planitie</strong></span> <span class='ocrx_word' id='word_1_294' title='bbox 562 4598 676 4662; x_wconf 91' lang='lat' dir='ltr'><strong>littoris</strong></span> <span class='ocrx_word' id='word_1_295' title='bbox 694 4601 823 4663; x_wconf 86' lang='lat' dir='ltr'><strong>tentoria</strong></span> <span class='ocrx_word' id='word_1_296' title='bbox 838 4601 1012 4682; x_wconf 87' lang='lat' dir='ltr'><strong>posuerunt,</strong></span> <span class='ocrx_word' id='word_1_297' title='bbox 1026 4597 1181 4678; x_wconf 85' lang='lat' dir='ltr'><strong>castraque</strong></span> <span class='ocrx_word' id='word_1_298' title='bbox 1195 4596 1245 4660; x_wconf 91' lang='lat' dir='ltr'><strong>sua</strong></span> <span class='ocrx_word' id='word_1_299' title='bbox 1259 4597 1328 4680; x_wconf 89' lang='lat' dir='ltr'><strong>palo</strong></span> <span class='ocrx_word' id='word_1_300' title='bbox 1344 4595 1374 4659; x_wconf 79' lang='lat' dir='ltr'><strong>dt</strong></span> <span class='ocrx_word' id='word_1_301' title='bbox 1388 4595 1446 4659; x_wconf 91' lang='lat' dir='ltr'><strong>fos-</strong></span> 
     </span>
     <span class='ocr_line' id='line_1_40' title="bbox 422 4683 1446 4770; baseline -0.002 -22"><span class='ocrx_word' id='word_1_302' title='bbox 422 4685 500 4765; x_wconf 87' lang='lat' dir='ltr'><strong>satis,</strong></span> <span class='ocrx_word' id='word_1_303' title='bbox 521 4706 539 4747; x_wconf 91' lang='lat' dir='ltr'><strong>a</strong></span> <span class='ocrx_word' id='word_1_304' title='bbox 553 4702 637 4768; x_wconf 84' lang='lat' dir='ltr'><strong>parte</strong></span> <span class='ocrx_word' id='word_1_305' title='bbox 650 4685 793 4768; x_wconf 87' lang='lat' dir='ltr'><strong>hollium,</strong></span> <span class='ocrx_word' id='word_1_306' title='bbox 806 4686 1005 4751; x_wconf 85' lang='lat' dir='ltr'><strong>vallaverunt.</strong></span> <span class='ocrx_word' id='word_1_307' title='bbox 1025 4685 1068 4748; x_wconf 90' lang='lat' dir='ltr'><strong>Et</strong></span> <span class='ocrx_word' id='word_1_308' title='bbox 1087 4686 1126 4750; x_wconf 84' lang='lat' dir='ltr'><strong>stc</strong></span> <span class='ocrx_word' id='word_1_309' title='bbox 1145 4699 1209 4747; x_wconf 90' lang='lat' dir='ltr'><strong>tota</strong></span> <span class='ocrx_word' id='word_1_310' title='bbox 1223 4685 1348 4770; x_wconf 88' lang='lat' dir='ltr'><strong>regione</strong></span> <span class='ocrx_word' id='word_1_311' title='bbox 1362 4683 1446 4747; x_wconf 90' lang='lat' dir='ltr'><strong>clan-</strong></span> 
     </span>
     <span class='ocr_line' id='line_1_41' title="bbox 421 4773 1444 4859; baseline -0.002 -22"><span class='ocrx_word' id='word_1_312' title='bbox 421 4795 495 4858; x_wconf 90' lang='lat' dir='ltr'><strong>gore</strong></span> <span class='ocrx_word' id='word_1_313' title='bbox 509 4773 650 4839; x_wconf 85' lang='lat' dir='ltr'><strong>tubarum</strong></span> <span class='ocrx_word' id='word_1_314' title='bbox 659 4774 690 4839; x_wconf 87' lang='lat'>&amp;</span> <span class='ocrx_word' id='word_1_315' title='bbox 700 4797 856 4840; x_wconf 84' lang='lat' dir='ltr'><strong>annorum</strong></span> <span class='ocrx_word' id='word_1_316' title='bbox 870 4777 968 4841; x_wconf 91' lang='lat' dir='ltr'><strong>sonitu</strong></span> <span class='ocrx_word' id='word_1_317' title='bbox 983 4774 1134 4857; x_wconf 84' lang='lat' dir='ltr'><strong>utriusque</strong></span> <span class='ocrx_word' id='word_1_318' title='bbox 1144 4775 1305 4855; x_wconf 83' lang='lat' dir='ltr'><strong>exercitus,</strong></span> <span class='ocrx_word' id='word_1_319' title='bbox 1318 4773 1444 4859; x_wconf 88' lang='lat' dir='ltr'><strong>clypeo-</strong></span> 
     </span>
    </p>
   </div>
   <div class='ocr_carea' id='block_1_3' title="bbox 0 0 2172 6567">
    <p class='ocr_par' dir='ltr' id='par_1_4' title="bbox 0 0 2172 6567">
     <span class='ocr_line' id='line_1_42' title="bbox 0 0 2172 6567; baseline 0 0"><span class='ocrx_word' id='word_1_320' title='bbox 0 0 2172 6567; x_wconf 95' lang='lat' dir='ltr'><strong> </strong></span> 
     </span>
    </p>
   </div>
  </div>
 </body>
</html>
