4336 6572
830 982 912 1076 108
992 982 1237 1114 testimonio
1258 983 1300 1073 in
1330 980 1470 1074 Gallio
1479 981 1662 1111 scripta.

748 1263 807 1313 ¹²¹9
818 1254 890 1314 parte
902 1239 1031 1312 sagrdter,
1051 1239 1178 1307 intellexit,
1193 1241 1253 1312 qttia
1269 1241 1488 1311 comprehentibile
1498 1261 1550 1296 non
1562 1254 1623 1297 eret.
1645 1244 1747 1313 Inlupn
1758 1243 1842 1296 Tem·

817 1321 909 1392 plrrioe
932 1321 965 1372 ed
984 1335 1061 1372 omne
1080 1320 1218 1390 periculum
1236 1333 1337 1392 parator
1350 1320 1453 1387 invenit,
1475 1323 1519 1392 qui
1532 1323 1641 1376 cestrum
1654 1322 1805 1376 viiirtalibm
1816 1325 1840 1374 tr

818 1399 887 1454 omni
899 1411 1026 1452 temetum
1038 1397 1140 1452 lmtlrtm
1153 1397 1299 1453 sufficienter
1312 1399 1463 1453 munierant.

852 1480 952 1532 Eodem
962 1489 1075 1548 tempore
1084 1479 1223 1548 Templerij
1234 1480 1344 1532 latroneo
1354 1482 1534 1533 Saracenorum
1544 1481 1577 1534 rb
1585 1481 1680 1534 Arbon
1689 1480 1841 1551 repolemnt,

817 1559 918 1612 viriliter
936 1557 1077 1612 occidendo
1088 1559 1219 1628 quosdam,
1240 1559 1302 1611 elios
1320 1559 1478 1629 captivando.
1501 1560 1655 1614 Corredinur
1673 1571 1758 1613 eutem
1772 1561 1842 1612 euxi-

816 1639 878 1690 lium
890 1637 1032 1707 polloltbat
1042 1655 1058 1689 ι
1069 1637 1205 1702 διηιιιιῑι,
1229 1648 1257 1689 ut
1268 1638 1371 1690 abortu
1383 1637 1438 1691 solit
1448 1639 1576 1693 veniente·
1587 1640 1727 1694 obfiderent
1737 1640 1842 1706 Acbon,

817 1718 886 1788 quod
909 1715 1007 1770 ellicere
1025 1733 1076 1770 non
1094 1729 1211 1786 poterant
1228 1731 1329 1786 propter
1341 1717 1518 1772 inexorabilem
1531 1719 1681 1772 discordium
1700 1719 1841 1789 prircipum

817 1808 882 1849 terre
899 1796 1009 1865 ipsorum
1028 1796 1164 1849 christianis
1183 1796 1317 1867 plurimum
1329 1808 1507 1867 opportunum,
1528 1816 1606 1868 quam
1620 1799 1742 1869 Calipbut
1754 1815 1841 1851 mum

819 1877 890 1946 Ριρι
904 1876 1004 1946 lepelire
1016 1876 1157 1930 laborrbet.

818 2089 866 2157 93.
887 2071 936 2138 Dr
958 2072 1092 2157 legam
1111 2071 1333 2157 Georgicnorttm
1350 2075 1393 2137 ad
1409 2075 1511 2154 nostros
1531 2073 1733 2138 admirantium
1745 2075 1840 2165 super

1189 2171 1312 2255 captione
1326 2169 1472 2233 Domiate.

852 2356 899 2408 Ad
913 2356 960 2408 hec
971 2353 1040 2407 farne
1049 2354 1185 2408 discurrens
1199 2373 1242 2425 per
1255 2367 1338 2410 totum
1352 2358 1439 2410 orbem
1453 2357 1599 2411 Demittrm
1614 2375 1629 2410 ι
1643 2357 1778 2412 christianin
1792 2357 1841 2414 effe
1886 2383 2037 2440 Pseudo-lae,

815 2433 1031 2503 comprehensam,
1056 2434 1260 2504 Georgianorum
1282 2435 1376 2487 litteras
1395 2436 1428 2486 ed
1453 2435 1532 2488 castrt
1554 2437 1736 2490 catholicorum
1763 2437 1842 2489 treni-
1855 2445 2002 2507 Historiae„
2015 2443 2057 2500 ΙΙΙ,

819 2512 885 2563 mitti
897 2510 1021 2582 persualit,
1042 2512 1067 2566 in
1081 2513 1173 2582 quibus
1187 2515 1371 2579 continebatur,
1388 2515 1457 2584 qood
1472 2515 1602 2584 indignere
1617 2531 1679 2584 gent
1693 2515 1734 2567 illa
1747 2516 1785 2568 rel
1800 2534 1842 2568 ex-
1922 2517 1989 2564 Η41-

819 2590 896 2644 citrta
914 2593 1014 2657 rubore,
1035 2608 1094 2660 rege
1110 2609 1197 2646 eorum
1216 2605 1373 2646 convocante
1392 2594 1513 2664 principes
1533 2595 1643 2646 decrevit
1663 2596 1687 2646 dr
1707 2595 1798 2648 iurarit
1818 2594 1842 2648 se

819 2668 973 2723 obseffurum
986 2670 1107 2723 famosam
1117 2673 1228 2742 aliquam
1243 2674 1369 2728 civitatem
1383 2676 1563 2726 Saracenorum
1578 2673 1698 2744 allegent,
1717 2673 1760 2726 fibi
1773 2693 1842 2727 vere-

820 2749 932 2805 cundum
944 2747 1001 2814 effe,
1013 2750 1082 2818 quod
1093 2751 1182 2804 Franci
1191 2752 1224 2804 de
1232 2753 1399 2804 transmarinir
1412 2751 1525 2822 partibor
1534 2754 1560 2805 dr
1569 2752 1662 2805 ultimis
1677 2763 1741 2806 terre
1751 2752 1841 2806 linibus

820 2828 946 2880 venientes
960 2846 1003 2898 per
1016 2846 1084 2882 mare
1103 2829 1237 2899 spaciosum
1251 2831 1364 2900 peric-rullo
1376 2831 1488 2901 plenum,
1508 2844 1561 2883 tum
1576 2832 1694 2884 munitam
1713 2831 1842 2886 civitatem

819 2905 1407 2981 obtidionelongacepiffent,nifi&ipfi‚quibus
1416 2910 1842 2983 matlrciliucperfidooimpugna·
1880 2943 2027 2990 Pseudm

819 2998 883 3053 reor,
891 2989 917 3039 tr
925 2988 1079 3040 Dantlcom
1088 2988 1128 3040 rel
1135 2987 1210 3041 alium
1220 2989 1303 3042 locum
1314 2990 1472 3042 nominatum
1480 2991 1571 3043 virtute
1579 3003 1697 3060 caperem
1706 3007 1841 3045 armorum.
1854 3002 1909 3067 πῃ,
1920 3007 2004 3061 m,
2015 2975 2058 3061 rit,

820 3067 884 3118 Sum
899 3065 974 3135 igitur
986 3067 1127 3148 Georgiani
1138 3068 1245 3120 eultoeer
1259 3069 1358 3134 cunti,
1371 3069 1446 3121 ritum
1458 3070 1580 3122 hebenter
1594 3071 1744 3136 Greoorum,
1762 3071 1841 3124 Periit
1922 3079 1991 3126 ¹¹⁴²·

819 3145 904 3211 ricini,
926 3146 1004 3215 longo
1024 3155 1147 3203 moturum
1165 3147 1245 3200 rnna
1264 3165 1279 3200 ι
1299 3149 1385 3202 Terre
1397 3147 1566 3201 Promillionie
1587 3149 1712 3213 ἀίῆιιιιι,
1734 3167 1841 3219 qnorum
1855 3147 1876 3194 Ρ·
1891 3130 1948 3189 ¹²⁶⁵

819 3225 1059 3280 dominiummodo
1080 3226 1221 3280 extenditur
1245 3227 1321 3296 ut'que
1345 3229 1378 3279 nd
1397 3228 1501 3298 Caspios
1523 3242 1634 3295 montem
1660 3227 1765 3282 bellicoli
1787 3229 1843 3283 sum

820 3306 933 3363 bomine!
951 3306 1072 3360 habentes
1084 3306 1195 3359 rasuram
1216 3307 1241 3359 in
1256 3307 1338 3376 capite
1354 3307 1436 3360 clerici
1448 3307 1593 3373 rotundam,
1615 3307 1673 3360 lrici
1684 3309 1842 3377 quadratam.

821 3385 943 3440 Mulierer
956 3401 1042 3438 eorum
1062 3383 1180 3455 equellrir
1197 3386 1292 3439 ordinis
1311 3387 1385 3440 docte
1398 3386 1454 3439 sunt
1467 3387 1501 3439 ad
1514 3386 1627 3456 prelium.
1654 3387 1779 3441 Homines
1798 3389 1842 3458 itti,

818 3466 923 3536 qundo
934 3465 1054 3524 ordinetis
1072 3465 1175 3518 aciebur
1190 3465 1272 3518 hollos
1284 3467 1339 3518 sunt
1353 3465 1500 3536 aggressuri,
1520 3467 1670 3537 pugillarem
1685 3468 1842 3522 cucurbitam

818 3546 939 3616 repletam
955 3545 1016 3598 rino
1032 3561 1095 3614 puro
1110 3545 1219 3598 relociru
1235 3545 1351 3609 ebibunt,
1371 3548 1396 3598 dr
1410 3545 1492 3598 llatim
1505 3545 1658 3599 adversarios
1671 3546 1727 3599 suot
1741 3547 1843 3600 viriliter

818 3627 950 3679 incedunt.
962 3625 1171 3695 Computandum
1180 3637 1265 3678 autern
1274 3624 1323 3678 effe
1332 3641 1382 3677 non
1391 3624 1537 3678 dubitemus
1547 3626 1611 3678 inter
1622 3626 1744 3680 benum
1753 3627 1842 3682 tutoris

818 3706 894 3759 nostri
913 3705 967 3760 lesu
981 3705 1081 3772 cunti,
1103 3704 1161 3774 quie
1176 3704 1278 3758 liccenit
1298 3705 1485 3774 persecutorum
1505 3703 1611 3758 rneioree
1623 3707 1719 3759 nostroe
1731 3708 1842 3762 defendit

817 3787 844 3841 in
857 3787 984 3842 obfidione
1001 3787 1126 3841 Demitte.
1146 3785 1271 3840 Uitotum
1291 3786 1411 3855 iquidem
1430 3786 1559 3840 hebebant
1571 3787 1695 3841 Affeffeni
1712 3789 1736 3840 it
1755 3804 1841 3840 eorum

819 3880 950 3940 preceptor
962 3867 1069 3920 Vetolut
1081 3868 1114 3919 de
1128 3866 1269 3930 Montonit,
1289 3865 1402 3918 cultellos
1424 3866 1536 3920 omittere
1548 3879 1636 3920 contra
1651 3867 1795 3920 christianos
1808 3869 1841 3920 ed

818 3947 1023 4018 irttercipiendem
1044 3946 1123 3999 vitam
1144 3961 1240 4011 eontrn,
1264 3946 1307 4015 qni
1332 3945 1463 4015 negotium
1487 3946 1676 4000 ctrtfflaniraris
1698 3949 1841 4017 propenfiue

818 4029 995 4100 procurabant.
1018 4027 1084 4080 Nam
1097 4026 1122 4078 in
1131 4037 1275 4096 treugarum
1288 4037 1401 4094 tempore
1413 4025 1490 4078 filium
1500 4025 1654 4095 Tripolitani
1666 4027 1766 4080 comitis
1778 4028 1841 4081 edo-

817 4110 950 4163 lescentem
969 4105 1128 4176 speuebtem
1148 4105 1174 4158 in
1198 4104 1299 4158 ecclelit
1321 4107 1393 4158 beate
1410 4105 1516 4175 Vtrginit
1534 4106 1601 4175 apud
1622 4107 1759 4160 Tortolam
1781 4120 1839 4161 ante

818 4191 897 4242 altare
918 4189 1124 4259 procumbentem
1147 4186 1261 4256 nequiter
1283 4185 1467 4239 interfecerunt.
1492 4187 1567 4240 Unde
1587 4186 1673 4240 militie
1692 4187 1778 4257 templi
1790 4204 1840 4241 non

818 4268 920 4323 ceffarit
938 4285 982 4322 eoe
995 4264 1107 4337 persequi
1124 4281 1170 4336 pro
1190 4277 1243 4318 tam
1258 4265 1371 4336 religiosa
1384 4265 1528 4330 violatione,
1549 4265 1633 4319 donec
1653 4266 1841 4320 humiliarentur

818 4352 896 4421 usque
914 4349 947 4402 ed
965 4348 1108 4401 servitutem
1127 4345 1230 4411 tributi5
1248 4345 1296 4398 trie
1316 4363 1425 4415 namque
1443 4345 1605 4398 bisantiorum
1624 4343 1698 4397 millia
1710 4348 1840 4401 ennuntim

819 4429 973 4500 Templrriir
985 4427 1137 4498 persolvrmt.

854 4507 972 4563 Eiusdem
987 4507 1122 4561 chudionis
1141 4518 1254 4576 tempore
1267 4521 1310 4559 rer
1323 4506 1447 4558 Annenie
1461 4507 1531 4560 Leuo
1544 4505 1678 4559 destrndlut
1689 4505 1723 4558 eli
1736 4505 1761 4556 in
1776 4515 1841 4558 terre

819 4588 871 4643 sut.
888 4590 1009 4643 Mortuur
1023 4588 1057 4641 eil
1069 4603 1170 4657 quoque
1184 4586 1304 4640 Soldrnor
1319 4585 1414 4654 lconij;
1432 4586 1475 4655 qui
1487 4585 1595 4640 creditur
1607 4583 1748 4654 baptizetur
1761 4581 1841 4650 tuuc,

818 4659 869 4739 qui
887 4680 957 4722 tento
983 4667 1142 4737 benignitatis
1164 4677 1218 4720 erat
1243 4665 1441 4732 inchristienor,
1467 4677 1496 4718 ut
1518 4681 1635 4735 guerram
1658 4665 1753 4717 hebeno
1778 4680 1839 4716 cum

820 4749 948 4803 Seraceoit
960 4747 1020 4802 solvi
1032 4748 1128 4802 iuberet
1141 4745 1231 4800 Christi
1244 4745 1366 4814 cedroru3
1387 4761 1450 4816 quot
1463 4744 1603 4798 rincuietor
1616 4743 1746 4798 intenir'm
1761 4742 1841 4796 muni·
