4362 6560
849 983 929 1104 156
981 979 1216 1110 Testimonia
1237 982 1280 1071 iii
1306 980 1526 1072 Germania
1537 979 1719 1106 scripio.

764 1260 823 1307 isis
860 1244 910 1306 uia
922 1242 954 1304 in
970 1241 1032 1324 ipso
1052 1241 1177 1309 flumine
1191 1241 1420 1304 construxerant
1441 1241 1593 1305 Sarraceni
1613 1257 1727 1304 turrem
1751 1240 1857 1302 firmis-

838 1267 952 1410 simam,
969 1350 1128 1413 perquam
1142 1330 1346 1392 extendebant
1367 1329 1443 1392 ultra
1463 1327 1577 1392 flumen
1596 1329 1757 1391 cathenam
1785 1328 1860 1391 mire

836 1417 1063 1501 magnitudinis,
1085 1432 1119 1478 ut
1140 1438 1232 1480 naves
1253 1438 1315 1479 non
1342 1415 1459 1499 possent
1479 1417 1626 1500 attingere
1650 1431 1784 1498 portum,
1805 1413 1859 1479 nisi

836 1505 968 1569 relaxata
982 1506 1118 1568 cathena.
1141 1503 1277 1568 Primum
1298 1506 1400 1589 itaque
1417 1504 1567 1568 christiani
1591 1505 1752 1568 cathenam
1776 1503 1861 1566 illam

836 1595 983 1656 invadunt
997 1594 1027 1656 a
1041 1592 1165 1656 consilio
1181 1592 1331 1656 artificum
1346 1593 1375 1656 di
1390 1593 1504 1655 auxilio
1519 1592 1646 1654 viriliter
1660 1593 1861 1674 pugnantium

836 1703 903 1744 eam
927 1682 1132 1765 confringunt.
1157 1680 1355 1748 Postmodum
1370 1681 1492 1764 navigio
1513 1681 1631 1742 advedti
1660 1679 1747 1761 super
1769 1701 1861 1744 naves

835 1770 989 1855 quandam
1003 1785 1116 1832 turrem
1128 1770 1259 1852 ligneam
1273 1769 1451 1832 construunt
1465 1789 1573 1850 magne
1587 1767 1766 1847 altitudinis,
1777 1784 1810 1831 ut
1823 1790 1862 1831 ex

836 1880 872 1922 ea
885 1875 999 1921 turrem
1013 1859 1250 1921 sarracenorum
1264 1873 1447 1942 expugnent
1463 1858 1521 1920 His
1538 1858 1711 1939 preparatis,
1725 1858 1780 1920 viri
1799 1859 1861 1919 for·

836 1947 935 2009 tiffimi
950 1946 979 2008 di
993 1948 1030 2009 ad
1046 1945 1125 2007 bella
1138 1945 1325 2008 strenuillimi
1341 1948 1491 2008 tradentes
1505 1946 1620 2008 animas
1638 1944 1702 2007 fuas
1726 1946 1756 2006 in
1780 1965 1862 2008 mor-

836 2052 898 2098 tem
914 2054 968 2116 pro
982 2054 1085 2096 amore
1099 2033 1248 2113 crucifixi,
1263 2035 1407 2096 facientes
1429 2033 1645 2096 confellionem
1667 2033 1705 2095 de
1726 2035 1860 2116 peccatis

837 2123 894 2184 suis
908 2121 938 2183 a
952 2121 1180 2182 communicato
1201 2120 1388 2184 sacramento
1412 2121 1549 2203 corporis
1573 2119 1770 2204 &sanguinis
1793 2118 1863 2182 Do-

838 2210 911 2272 mini
926 2207 1090 2271 afcendunt
1104 2209 1134 2269 in
1156 2224 1270 2270 turrem
1284 2208 1368 2270 illam
1383 2208 1525 2292 ligneam,
1539 2207 1685 2291 turrisque
1703 2208 1862 2270 advehitur

837 2299 873 2360 ad
903 2313 1018 2359 turrem
1043 2296 1288 2359 sarracenorum.
1317 2297 1460 2380 Cumque
1493 2295 1565 2358 hinc
1600 2297 1670 2358 inde
1701 2311 1862 2378 pugnatur,

837 2385 950 2447 cedunt
963 2404 1055 2447 naves
1069 2382 1099 2446 δι
1114 2385 1203 2447 turris
1217 2385 1333 2447 corruit
1347 2384 1439 2467 &qui
1454 2385 1485 2446 in
1500 2405 1536 2446 ea
1545 2400 1632 2447 erant
1643 2382 1782 2446 submersi
1796 2382 1862 2445 funt

837 2475 868 2535 in
882 2472 1018 2549 flumine,
1037 2474 1117 2534 inter
1130 2493 1209 2555 quos
1230 2490 1315 2535 erant
1335 2473 1447 2536 nobilis
1469 2474 1515 2535 vir
1540 2472 1705 2535 Heinricus
1725 2471 1763 2533 de
1788 2469 1862 2532 Buf-

837 2557 1041 2620 mannehusen
1056 2557 1086 2621 &
1100 2559 1143 2622 N.
1158 2559 1195 2620 de
1211 2559 1359 2621 Hosteten
1374 2558 1403 2621 di
1416 2558 1465 2644 alij
1483 2580 1574 2642 quam
1591 2558 1693 2640 plures
1713 2557 1862 2620 eterna&

839 2646 926 2708 beata
944 2647 1093 2709 memoria
1107 2646 1199 2729 digni.
1222 2647 1291 2708 Hoc
1306 2663 1417 2710 eventu
1431 2645 1596 2710 contristati
1612 2645 1679 2708 funt
1699 2643 1861 2708 christiani.

839 2734 985 2794 Attamen
1000 2754 1072 2795 cuni
1094 2733 1221 2796 cottidie
1235 2756 1273 2795 ex
1293 2734 1524 2798 adventantibus
1545 2734 1692 2797 cresceret
1712 2734 1862 2796 exercitus

839 2819 869 2881 a
890 2819 982 2880 robur
1007 2838 1123 2899 eorum,
1143 2842 1206 2882 non
1238 2820 1470 2902 desperaverunt
1501 2824 1539 2884 de
1564 2820 1769 2884 misericordia
1789 2818 1862 2898 Dei,

839 2907 912 2989 quin
924 2907 1019 2968 immo
1031 2922 1147 2971 turrem
1162 2907 1251 2970 aliam
1265 2909 1499 2972 construxerunt
1513 2909 1542 2971 di
1556 2929 1648 2972 naves
1656 2908 1763 2971 fortius
1773 2929 1863 2972 coui-

840 2995 1060 3077 paginaverunt
1073 2995 1103 3057 a
1126 2998 1210 3058 omni
1240 2996 1357 3058 cautela
1376 2997 1405 3060 δι
1424 2997 1523 3059 studio
1546 2995 1750 3076 firmaverunt,
1770 3015 1863 3078 quam

840 3081 1027 3163 appellentes
1041 3083 1152 3145 eodem
1166 3084 1270 3162 modo,
1284 3081 1358 3146 ficut
1380 3085 1409 3147 δι
1433 3086 1526 3166 prius,
1541 3101 1656 3146 turrem
1680 3083 1862 3147 Sarraceno-

841 3190 909 3232 rum
924 3168 1051 3232 viriliter
1065 3173 1358 3253 expugnaverunt&
1374 3189 1464 3255 portu
1476 3188 1582 3254 optato
1598 3172 1664 3234 funt
1678 3171 1768 3254 potiti
1783 3168 1860 3232 &ad

841 3273 934 3321 terras
947 3257 1169 3339 applicuerunt.
1185 3261 1248 3322 Ubi
1265 3262 1365 3342 primo
1386 3283 1459 3322 cuin
1484 3260 1656 3324 Sarracenis
1676 3262 1767 3322 duros
1787 3279 1864 3321 con·

840 3345 940 3408 llidlus
951 3346 1141 3424 habuerunt;
1152 3366 1381 3431 pugnatumque
1396 3350 1439 3411 est
1453 3350 1483 3411 iii
1507 3364 1585 3411 terra
1599 3348 1628 3410 di
1642 3349 1674 3410 in
1697 3346 1772 3409 mari
1788 3346 1817 3409 di
1831 3347 1862 3408 in

840 3433 974 3496 flumine.
990 3433 1133 3497 Referam
1148 3457 1255 3515 unum,
1268 3439 1351 3519 quod
1372 3438 1430 3519 legi
1452 3439 1482 3499 iii
1503 3438 1619 3518 scriptis
1640 3435 1797 3498 cuiusdam
1813 3455 1864 3498 eas

842 3541 957 3603 pugnas
972 3521 1118 3603 prolixius
1132 3523 1335 3586 describentis.
1350 3525 1425 3588 Erat
1434 3527 1520 3588 navis
1536 3526 1633 3587 unain
1644 3525 1710 3606 ripa
1721 3523 1864 3602 fluminis,

841 3611 873 3671 in
883 3629 944 3692 qua
957 3625 1043 3671 erant
1057 3609 1226 3688 christiani3
1239 3613 1307 3690 hec,
1320 3613 1421 3676 nescio
1437 3635 1498 3696 qua
1518 3610 1687 3690 occasione,
1701 3612 1817 3693 impetu
1834 3610 1864 3674 δι

841 3695 990 3760 violentas
1000 3697 1134 3762 fluminis
1145 3699 1268 3782 appulsa
1278 3700 1322 3762 est
1331 3701 1414 3764 iuxta
1423 3721 1524 3764 muros
1536 3701 1676 3763 civitatis.
1690 3699 1786 3762 Tunc
1796 3699 1865 3762 Sar-

842 3785 943 3847 raceni
958 3788 1193 3868 erumpentes&
1208 3790 1245 3850 de
1257 3790 1350 3852 muris
1365 3788 1393 3851 fe
1404 3791 1599 3852 demittentes
1610 3808 1683 3850 cum
1696 3785 1864 3851 christianis

842 3876 872 3937 in
887 3876 956 3937 navi
972 3896 1105 3958 pugnare
1120 3894 1275 3959 ceperunt.
1291 3879 1408 3941 Videris
1423 3895 1524 3942 autem
1538 3877 1663 3962 quidam
1678 3879 1715 3938 de
1730 3875 1865 3938 christia-

841 3963 899 4041 nis,
913 3962 996 4046 quod
1011 3985 1074 4027 non
1089 3963 1207 4047 pollent
1220 3964 1360 4045 resistere,
1374 3968 1410 4029 ad
1428 3966 1557 4029 fundum
1570 3965 1655 4028 navis
1667 3963 1695 4026 fe
1710 3963 1820 4027 dimisit
1835 3962 1864 4027 dt

842 4052 975 4114 eundem
989 4053 1117 4114 fundum
1134 4054 1299 4135 perforavit
1313 4055 1505 4138 &perfregic
1519 4070 1553 4116 ut
1568 4075 1645 4138 aqua
1665 4052 1801 4134 undique
1816 4053 1865 4114 in·

841 4140 1025 4223 graderetur,
1039 4140 1216 4224 repletaque
1236 4144 1307 4204 navi
1324 4143 1410 4224 aquis
1434 4163 1506 4203 cum
1527 4141 1696 4205 Sarracenis
1717 4140 1748 4203 di
1772 4140 1864 4201 chris·

842 4229 930 4291 tianis
951 4229 1047 4291 mersa
1070 4229 1112 4291 est
1132 4230 1169 4292 ad
1188 4231 1316 4292 fundum
1335 4230 1470 4293 fluminis
1493 4231 1545 4292 ubi
1568 4227 1781 4312 quamplures
1803 4242 1865 4289 tam

843 4315 998 4379 Sarraceni
1012 4338 1105 4399 quam
1119 4316 1271 4381 christiani
1287 4315 1428 4380 submersi
1450 4316 1526 4381 funt.

771 4444 830 4493 1219
886 4423 970 4489 1219.
992 4404 1062 4467 Post
1084 4406 1195 4469 multas
1218 4407 1349 4491 denique
1371 4427 1486 4489 pugnas
1501 4401 1612 4468 obfella
1627 4403 1669 4468 est
1682 4405 1789 4468 civitas
1803 4420 1864 4467 tani
1879 4412 1956 4475 v-381

844 4501 875 4562 in
893 4515 973 4560 terra
992 4516 1086 4579 quam
1103 4498 1134 4556 iii
1148 4494 1275 4558 flumine
1288 4515 1380 4578 quani
1401 4497 1431 4557 in
1446 4495 1532 4573 mari,
1546 4509 1580 4556 ut
1594 4493 1694 4556 nullus
1719 4493 1807 4576 poffit
1819 4495 1867 4556 in-

844 4587 929 4670 gredi
943 4584 992 4647 vel
1007 4586 1098 4646 exire.
1118 4581 1166 4647 llli
1182 4605 1316 4668 quoque,
1330 4584 1382 4667 qui
1397 4585 1428 4645 in
1444 4598 1523 4646 terra
1537 4596 1631 4661 erant,
1645 4581 1725 4644 vallo
1739 4581 1867 4644 firmilli-

845 4673 941 4736 mo&
961 4672 1070 4736 meniis
1084 4670 1160 4736 sicut
1180 4688 1321 4756 poterant
1343 4672 1372 4735 fe
1394 4674 1564 4750 cinxerunt,
1580 4693 1619 4734 ne
1641 4670 1789 4734 Soldanus
1814 4685 1866 4733 aut
