4110 6594
1952 857 1955 943 l

1954 1047 1957 1183 l

779 987 864 1081 350
1171 955 1394 1052 Addcndu.

773 1220 803 1284 δι
817 1218 838 1281 il
852 1218 1002 1283 velchovo
1012 1218 1153 1282 Ruberto
1166 1220 1197 1283 di
1213 1219 1320 1284 Lucca
1333 1221 1417 1284 fecce
1431 1221 1493 1284 fare
1507 1241 1569 1284 una
1578 1239 1671 1282 nave
1686 1216 1722 1280 dt
1736 1214 1817 1299 pallo

700 1330 759 1378 1219
772 1306 855 1368 collo
876 1307 973 1370 stuola
986 1308 1064 1371 oltra
1078 1330 1161 1372 mare
1176 1355 1273 1372 .....
1291 1307 1332 1372 Et
1346 1310 1396 1372 nel
1411 1307 1551 1393 seguente
1564 1329 1673 1386 anno,
1688 1305 1713 1368 li
1727 1305 1818 1368 chril-

773 1395 845 1457 tlani
869 1395 987 1458 ebbeno
1004 1394 1149 1459 Damiata
1171 1397 1208 1459 de
1229 1397 1369 1459 Saraceni
1390 1395 1507 1458 &tutti
1526 1395 1547 1458 ll
1564 1394 1736 1472 Saraceni,
1760 1391 1817 1455 che

772 1504 865 1546 erano
879 1484 910 1547 in
925 1483 954 1546 la
967 1483 1051 1562 cirta,
1065 1484 1175 1546 furono
1190 1484 1328 1547 tramorti
1344 1483 1374 1546 δι
1388 1482 1471 1566 presa

700 1605 756 1639 ιω
811 1569 862 1634 Lo
875 1592 956 1636 anno
973 1590 1057 1652 1221,
1079 1573 1100 1635 li
1117 1571 1257 1636 Saraceni
1273 1572 1418 1636 riebbeno
1434 1571 1580 1636 Damiata
1593 1571 1630 1635 δι
1647 1571 1816 1634 rendenuo

772 1659 841 1722 tutti
856 1658 877 1721 li
891 1658 1042 1723 christiani
1057 1661 1114 1724 che
1127 1681 1219 1723 erano
1234 1659 1318 1742 presi,
1333 1660 1353 1724 li
1369 1659 1451 1744 quali
1465 1683 1559 1724 erano
1573 1659 1686 1724 molti.

838 1964 907 2014 aro
921 1945 979 2013 bo.
1009 1943 1259 2016 Srorsnonous
1275 1943 1418 2035 Tmus,
1434 1939 1570 2014 senensis
1589 1957 1623 2026 (s.
1642 1955 1756 2024 xvrr),

1197 2136 1380 2206 Chronicorr.

1020 2315 1077 2384 [cu.
1092 2316 1118 2368 iu
1132 2315 1268 2381 Muratori,
1281 2317 1319 2368 SS.
1333 2316 1384 2368 RR.
1396 2315 1485 2382 italie,
1497 2318 1566 2382 Ν]

1275 2465 1294 2507 dt

812 2593 969 2656 Muratori
981 2601 1045 2667 (not.
1059 2591 1089 2668 8)
1103 2616 1137 2655 ex
1150 2607 1230 2676 opere
1244 2592 1361 2676 quodam
1376 2591 1404 2654 S.
1421 2590 1490 2674 Tiuj
1502 2591 1549 2655 hec
1563 2591 1680 2676 affert:
1819 2617 1885 2664 utu

702 2725 761 2758 ,220
814 2680 922 2746 Guido
940 2682 979 2743 de
994 2681 1109 2744 Palatio
1125 2679 1321 2744 Bandinellus
1336 2702 1430 2763 eques
1448 2681 1485 2743 ab
1507 2679 1724 2744 ultramarinis
1739 2701 1807 2763 par·

774 2768 853 2831 tibus
868 2770 991 2834 onustus
1005 2769 1143 2853 preda&
1165 2769 1294 2833 Othone
1308 2784 1431 2830 mortuo
1445 2767 1578 2830 reversus
1601 2768 1722 2850 palatia
1742 2789 1805 2830 ma-

772 2857 882 2944 gnifica
902 2879 937 2920 ac
965 2875 1063 2922 turres
1086 2857 1253 2921 construxit
1281 2879 1319 2919 ex
1340 2857 1491 2920 manubiis
1517 2876 1552 2918 ac
1573 2855 1805 2939 direptionibus

770 2947 940 3012 Sarracenis
967 2947 1061 3010 factis.
1085 2949 1115 3010 A
1134 2946 1243 3009 ceteris
1267 2945 1385 3008 civibus
1410 2944 1522 3006 Turris
1552 2943 1672 3008 Cinelli
1693 2943 1803 3009 Galle-

771 3035 851 3112 rani,
883 3035 994 3098 Turris
1027 3035 1127 3116 magni
1158 3031 1241 3114 Sirij,
1264 3031 1378 3095 Turrit
1413 3031 1683 3110 Sansedoniorum,
1715 3033 1803 3094 Tur-

770 3118 869 3204 risque
911 3121 1153 3206 Ugurgeriorum
1195 3121 1261 3184 sunt
1298 3120 1400 3183 credie
1432 3141 1503 3182 cum
1549 3119 1802 3203 Ugurgeriorum

771 3207 883 3291 palatio
907 3211 991 3273 iuxta
1013 3209 1243 3274 xenodochium
1269 3209 1306 3272 de
1332 3207 1418 3272 Scala
1438 3229 1473 3270 ac
1496 3206 1663 3291 conspicua
1690 3210 1802 3270 domus

771 3297 854 3360 iuxta
868 3296 1086 3361 Saracenorum
1100 3299 1183 3377 edes,
1196 3297 1352 3360 castellum
1363 3313 1508 3379 preterea
1528 3294 1667 3359 Ecclesia
1682 3295 1801 3378 insuper

771 3383 799 3445 S.
811 3381 915 3447 lacobi
930 3386 960 3449 dr
973 3385 1001 3449 S.
1015 3385 1158 3468 Philippi,
1172 3383 1299 3448 ecclesia
1312 3405 1437 3468 quoque
1447 3382 1475 3446 S.
1490 3382 1609 3466 Vigilij,
1624 3399 1691 3446 tam
1702 3383 1801 3446 eccle·

770 3471 810 3534 fia
823 3473 851 3536 S.
872 3472 1006 3557 Galgani
1021 3475 1053 3536 in
1076 3473 1237 3536 meliorem
1258 3475 1388 3535 formam
1409 3473 1553 3552 restituta,
1579 3471 1798 3537 monasterium

772 3575 908 3642 preterea
922 3559 965 3625 D.
980 3561 1118 3645 Prosperi
1133 3561 1248 3624 ordinis
1261 3559 1516 3642 Cistercienfium,
1531 3563 1636 3646 inquo
1647 3559 1799 3624 moniales

771 3665 1011 3730 commorantur,
1024 3651 1190 3714 fraternitas
1201 3651 1292 3712 etiam
1304 3648 1333 3712 S.
1348 3649 1468 3715 Crucis.
1479 3649 1594 3714 Fervor
1610 3651 1699 3714 enim
1712 3643 1797 3711 cons-

701 3761 758 3810 ηας
771 3737 892 3804 truendi
907 3738 943 3801 ad
960 3759 1072 3802 annum
1086 3741 1228 3822 quintum
1241 3753 1333 3822 atque
1348 3735 1513 3820 vigelivum
1527 3739 1657 3803 duravit.
