4362 6560
837 966 921 1079 164
976 963 1218 1094 Testimonin
1241 963 1283 1055 in
1308 963 1525 1055 Germania
1536 962 1718 1087 scripta.

830 1235 941 1305 parata,
962 1220 992 1284 dt
1012 1222 1085 1305 quia
1105 1219 1172 1305 post
1190 1237 1251 1285 tres
1275 1223 1340 1285 dies
1360 1238 1538 1305 recepturus
1565 1219 1656 1284 essem
1681 1221 1854 1283 mercedem

830 1329 930 1371 meam
945 1309 977 1371 in
991 1329 1034 1370 ea
1050 1333 1062 1364 r
1080 1309 1218 1372 Vocatus
1227 1308 1270 1372 est
1284 1309 1337 1372 sub
1350 1310 1505 1374 celeritate
1519 1310 1666 1388 sacerdos,
1676 1323 1799 1393 rogatus
1816 1307 1854 1368 ab
1867 1311 1922 1374 ¹21>-
1932 1323 1963 1370 7Ι

829 1418 936 1475 uxore,
950 1410 984 1458 ut
998 1395 1219 1479 pusillanimem
1242 1398 1439 1478 confortaret,
1460 1398 1650 1482 desperatum
1670 1399 1811 1481 erigeret,
1825 1393 1855 1458 dr

831 1484 868 1548 ad
883 1504 919 1546 ea
933 1506 993 1568 que
1013 1483 1079 1547 sunt
1094 1483 1205 1565 salutis,
1218 1486 1398 1550 hortaretur.
1415 1485 1523 1574 Quem
1537 1507 1609 1549 cum
1623 1485 1759 1549 sacerdos
1786 1505 1855 1546 mo-

830 1587 927 1651 neret,
941 1588 974 1634 ut
987 1573 1206 1636 contritionem
1220 1574 1346 1638 haberet
1366 1575 1403 1638 de
1418 1576 1551 1658 peccatis
1566 1574 1677 1654 suin&
1699 1588 1733 1636 ut
1747 1593 1855 1656 puram

831 1661 944 1724 faceret
957 1660 1182 1742 consertionem,
1205 1662 1318 1742 dicens,
1332 1665 1488 1726 neminem
1507 1663 1619 1726 debere
1638 1663 1675 1725 de
1691 1662 1754 1725 Dei
1769 1660 1857 1724 mise·

832 1749 964 1812 ricordia
988 1748 1153 1832 desperare,
1175 1751 1344 1833 respondit:
1369 1749 1487 1838 «Quid
1513 1750 1638 1834 prosunt
1660 1751 1753 1813 verba
1780 1747 1855 1813 ista?

832 1838 907 1901 Non
923 1834 1042 1919 possum
1055 1839 1182 1918 conteri,
1195 1837 1378 1921 superfluum
1401 1839 1503 1902 iudico
1524 1837 1675 1902 confiteri.
1701 1836 1798 1925 Quod
1819 1837 1857 1900 de

832 1947 882 1988 me
896 1924 1070 2008 dispofitum
1083 1927 1136 2006 est,
1149 1924 1268 1989 necesse
1289 1925 1332 1989 est
1343 1926 1474 2011 impleri.
1492 1926 1585 1991 Sedes
1598 1948 1668 1990 mea
1679 1941 1784 2009 parata
1805 1924 1858 2004 est,

833 2013 900 2096 post
910 2013 1034 2075 tertium
1045 2014 1127 2076 diem
1142 2013 1214 2077 illuc
1228 2017 1360 2094 veniam,
1373 2015 1403 2079 dt
1418 2015 1582 2078 secundum
1597 2016 1681 2098 quod
1695 2014 1765 2098 gelli
1776 2015 1808 2076 in
1822 2034 1859 2076 ea

832 2101 989 2184 recipiam.
1006 2122 1021 2163 s
1038 2102 1147 2185 Sicque
1162 2100 1222 2165 sme
1239 2100 1505 2182 contritione,s1ne
1519 2103 1713 2182 conseslione,
1723 2101 1784 2165 sme
1795 2102 1858 2164 via-

833 2191 895 2253 tico
910 2189 940 2253 dr
953 2189 1035 2252 sacra
1054 2190 1201 2253 undlione
1222 2192 1310 2254 tertio
1326 2193 1375 2256 die
1396 2192 1567 2271 defunditis,
1582 2193 1613 2254 in
1628 2192 1746 2254 inferno
1760 2189 1859 2273 sepul·

832 2291 881 2342 tus
896 2279 947 2341 esh
961 2278 1107 2342 Sacerdos
1121 2301 1195 2343 vero
1206 2301 1278 2343 cum
1292 2279 1522 2344 ecclesrasticam
1537 2282 1564 2344 ei
1579 2296 1670 2363 negat
1685 2280 1715 2343 ἃ
1728 2276 1857 2361 sepultu-

833 2385 909 2444 ram,
922 2365 961 2428 ab
975 2386 1071 2427 uxore
1084 2366 1150 2430 eius
1157 2383 1331 2448 corruptus,
1344 2369 1375 2430 in
1385 2369 1538 2431 cimiterio
1547 2365 1719 2450 positusest.
1731 2365 1859 2448 Propter

834 2454 917 2537 quod
940 2453 1042 2535 postea
1061 2453 1091 2516 in
1110 2452 1234 2535 Synodo
1258 2453 1448 2518 Traiedtensr
1468 2454 1633 2534 accusatus,
1652 2475 1730 2536 pena
1757 2452 1859 2516 nescio

833 2562 895 2625 qua
909 2541 1072 2604 muletatus
1085 2541 1137 2603 est.
1152 2542 1215 2604 Vix
1224 2541 1290 2605 sunt
1305 2559 1364 2607 tres
1377 2544 1448 2606 anni
1463 2543 1612 2626 elaps1,ex
1634 2565 1697 2627 quo
1713 2542 1766 2605 ista
1783 2562 1858 2604 con-

835 2630 978 2710 tigerunt.
992 2627 1076 2692 Ecce
1090 2628 1142 2692 iste
1157 2628 1231 2693 srcut
1244 2629 1380 2712 superior
1394 2630 1517 2710 cecidit,
1531 2630 1561 2694 δι
1579 2631 1706 2694 minime
1727 2629 1859 2693 surrexit.

1282 2824 1406 2890 mes.

834 2965 883 3026 De
893 2963 1014 3046 uirgine,
1024 2988 1109 3048 quam
1122 2967 1217 3029 demon
1229 2967 1259 3029 in
1265 2968 1357 3057 specie
1371 2967 1433 3030 viri
1447 2968 1640 3050 precularum
1652 2966 1717 3029 item
1731 2967 1764 3029 dr
1785 2967 1926 3050 viro,1‚p
1939 2987 1982 3034 11⁶

874 3053 999 3114 cuiidem
1026 3054 1120 3116 demon
1143 3067 1259 3138 peccata
1282 3054 1343 3134 fir‘lr
1364 3053 1490 3140 consrffa
1506 3055 1624 3127 abiecit,·
1650 3056 1685 3118 ἔθ’
1704 3055 1737 3117 dr
1753 3053 1860 3138 puella,

875 3141 951 3202 cuius
964 3140 1211 3224 devirginationem
1222 3143 1355 3228 prodidit.

874 3302 1037 3384 Tempore
1050 3302 1115 3383 illo,
1129 3326 1192 3388 quo
1212 3303 1403 3369 scholasticus
1418 3304 1610 3370 Coloniensrs
1626 3303 1775 3371 Oliverus
1789 3325 1860 3367 cru-

835 3411 904 3454 cem
915 3390 1083 3472 predicavit
1098 3393 1275 3474 inpartibus
1290 3392 1464 3472 Brabantie,
1478 3393 1552 3456 sicut
1561 3393 1636 3454 mihi
1646 3392 1779 3454 narravit
1786 3392 1862 3456 Ber-

835 3481 948 3542 nardus
956 3480 1125 3543 monachus
1131 3478 1244 3560 noster,
1254 3496 1328 3544 tunc
1336 3484 1401 3545 eius
1413 3482 1532 3566 collega
1540 3484 1570 3545 in
1580 3482 1799 3566 predicatione,
1806 3480 1863 3542 suit

836 3567 878 3630 ibi
894 3566 995 3651 puella
1009 3567 1141 3651 quedam
1154 3569 1301 3652 religiosa,
1315 3570 1345 3634 dt
1359 3588 1433 3633 voto
1446 3573 1628 3655 virginitatis
1640 3570 1782 3654 gloriosa,
1795 3583 1864 3631 orta

836 3658 875 3719 de
889 3655 1023 3719 Nivella.
1037 3653 1181 3720 Invidens
1203 3658 1342 3722 diabolus
1358 3675 1440 3722 tante
1455 3661 1570 3739 virtuti,
1580 3659 1612 3721 in
1629 3659 1727 3742 specie
1747 3659 1803 3720 viri
1823 3657 1861 3719 ad

835 3745 964 3807 modum
979 3744 1099 3828 pulchri
1117 3745 1242 3830 satisque
1257 3746 1401 3810 decenter
1421 3747 1519 3811 vestiti
1541 3764 1667 3830 apparet
1680 3748 1799 3830 virgini,
1811 3767 1864 3809 ce·

836 3834 882 3916 pit
896 3832 980 3895 illam
995 3833 1095 3896 verbis
1105 3835 1261 3898 amatoriis
1276 3834 1447 3916 sollicitare,
1460 3835 1602 3899 clenodia
1610 3833 1730 3914 offerre,
1741 3834 1863 3897 laudare

836 3921 971 4006 coniugij
999 3922 1227 4003 fecunditatem,
1254 3925 1435 4007 virginitatis
1465 3925 1635 4006 vituperare
1665 3922 1863 3988 sterilitatem.

838 4009 899 4076 Cui
920 4012 1019 4094 virgo,
1042 4009 1178 4074 nesciens
1202 4013 1270 4096 quis
1294 4011 1376 4092 esset,
1392 4012 1568 4096 respondit:
1597 4012 1736 4075 ‹Virum
1753 4011 1863 4074 ducere

837 4120 900 4162 non
929 4119 1078 4182 propone,
1099 4099 1210 4165 Christi
1229 4121 1332 4164 amore
1358 4103 1480 4184 nuptias
1505 4099 1640 4164 carnales
1662 4098 1864 4183 postpono&

837 4204 1038 4251 contemno.»
1055 4187 1199 4271 Cumque
1220 4188 1346 4254 lascivus
1361 4190 1413 4253 ille
1435 4189 1554 4273 spiritus
1567 4189 1658 4252 nimis
1672 4186 1745 4251 esset
1763 4189 1791 4250 ei
1806 4189 1865 4250 im-

838 4293 997 4360 portunus,
1024 4278 1055 4339 in
1077 4274 1198 4340 diversis
1224 4277 1300 4342 locis
1322 4281 1358 4341 ad
1386 4277 1472 4342 illam
1490 4278 1625 4357 veniens,
1646 4276 1742 4341 sciens
1763 4275 1865 4359 puella

838 4364 949 4428 multas
963 4362 1021 4427 esse
1032 4366 1165 4448 virgines
1180 4364 1207 4429 se
1222 4366 1424 4449 pulchriores,
1440 4365 1607 4429 nobiliores
1621 4381 1713 4448 atque
1727 4364 1865 4445 ditiores,

838 4455 921 4534 cepit
934 4469 1103 4518 amatorem
1116 4454 1338 4537 phantasticum
1348 4456 1459 4519 habere
1474 4454 1653 4537 suspedtum,
1668 4455 1709 4516 ita
1723 4469 1757 4516 ut
1767 4455 1795 4516 ei
1819 4453 1865 4516 di-

839 4557 943 4604 ceret:
965 4567 979 4600 ι
997 4541 1084 4606 Bone
1105 4542 1241 4622 domine,
1254 4547 1322 4626 quis
1339 4544 1388 4606 vel
1403 4544 1483 4606 unde
1498 4541 1576 4622 estis,
1590 4542 1673 4626 quod
1689 4557 1774 4605 tanto
1789 4541 1863 4604 mihi

840 4629 985 4693 defideno
999 4631 1135 4714 copulari
1151 4631 1316 4695 affectam?
1331 4658 1343 4691 ›
1361 4633 1505 4717 Cumque
1516 4631 1568 4694 ille
1584 4631 1695 4694 invitus
1710 4629 1739 4692 se
1753 4631 1865 4713 prode-

839 4734 896 4799 ret,
909 4719 939 4783 &
952 4721 1038 4803 virgo
1052 4738 1138 4787 tanto
1153 4721 1329 4808 propensius
1342 4721 1474 4803 instaret,
1495 4723 1620 4786 tandem
1633 4722 1747 4785 demon
1762 4717 1863 4782 neces-
