4336 6572
729 1003 789 1083 40
895 970 1132 1100 Testimonio
1164 969 1207 1059 in
1238 964 1385 1096 Belgio
1405 964 1585 1090 scripto.

800 1238 840 1289 De
853 1239 947 1289 Grave
959 1237 1039 1288 Floris
1045 1235 1119 1304 stenft
1131 1235 1157 1287 irr
1171 1233 1268 1304 (lyrim,
1279 1234 1413 1302 begravm

805 1315 852 1369 Tot
864 1316 1019 1382 Antiochia,
1031 1318 1063 1368 de
1069 1315 1232 1384 strijrbaerste
1244 1315 1288 1365 der
1302 1316 1421 1378 Graven,

837 1396 872 1448 Al
883 1395 904 1448 is
916 1396 959 1447 lret
970 1397 1043 1447 dorre
1056 1395 1183 1462 lijfmaer
1189 1394 1279 1461 Μαι
1291 1392 1448 1462 enclesstijk‚

842 1477 885 1526 Sor
897 1474 991 1527 blinclt
1000 1475 1123 1527 norhtaus
1135 1475 1166 1525 de
1180 1473 1234 1526 Ziel
1244 1470 1293 1525 in’t
1303 1471 1424 1540 eeuwigh
1438 1469 1596 1538 Hemelrijcl.

1165 1689 1323 1814 Verfio.

769 1928 868 1980 Eodem
881 1928 932 1981 sere
950 1937 1063 1995 tempore
1076 1925 1219 1978 Fridericue
1237 1927 1375 1995 imperator
1390 1943 1405 1977 a
1420 1942 1486 1994 papa
1501 1925 1645 1978 admonitus
1664 1926 1756 1978 bellum

735 2020 823 2061 contra
836 2008 940 2060 Turcos
956 2022 1043 2074 gerere
1055 2005 1180 2056 constituit
1194 2023 1273 2073 eaque
1286 2005 1317 2056 de
1330 2005 1403 2057 causa
1418 2004 1546 2057 Florentio
1560 2004 1645 2056 comiti
1658 2005 1758 2075 scripsit,

736 2098 764 2140 ut
782 2086 901 2139 auxilium
922 2085 999 2137 ferret
1014 2085 1039 2136 dr
1055 2100 1112 2135 cum
1134 2100 1164 2135 eo
1187 2084 1212 2135 in
1227 2084 1336 2136 Terram
1357 2087 1533 2136 Saracenorum
1553 2083 1757 2153 proficisceretur,

736 2185 811 2237 quem
834 2182 912 2234 nepos
926 2163 1054 2232 Philippus
1077 2179 1161 2214 comet
1186 2162 1308 2214 Flendriae
1330 2162 1443 2215 comitari
1464 2162 1583 2215 debebat.
1607 2163 1757 2226 Florentius,

736 2246 806 2299 cuius
825 2261 879 2296 mos
900 2259 949 2295 non
968 2253 1021 2294 erat
1041 2240 1065 2292 in
1087 2239 1130 2292 tali
1150 2241 1289 2293 discrimine
1309 2241 1433 2305 recedere,
1452 2257 1509 2294 cum
1524 2242 1653 2295 Guilelmo
1673 2242 1759 2308 milite,
1859 2259 1874 2280 .

736 2326 855 2388 filiosuo,
875 2321 982 2392 patriam
998 2320 1098 2389 reliquit
1118 2321 1150 2372 ad
1163 2320 1325 2372 debellandos
1344 2323 1489 2386 Saracenos,
1509 2338 1590 2389 neque
1607 2340 1663 2374 raro
1679 2323 1759 2375 hollos

737 2405 870 2473 fugabant,
881 2418 962 2469 neque
972 2416 1028 2450 raro
1040 2399 1112 2451 laude
1123 2399 1221 2451 militari
1234 2401 1324 2468 dignos
1335 2400 1358 2452 se
1367 2401 1522 2468 prrebebant.
1539 2400 1611 2452 Tum
1625 2401 1760 2471 imperator

739 2482 877 2536 Fridericus
894 2492 953 2532 ante
967 2478 1111 2533 Damiatam
1125 2479 1233 2545 advenit,
1250 2478 1319 2531 cuiue
1333 2489 1409 2546 portte
1421 2479 1481 2530 Nilo
1491 2496 1584 2547 magno
1597 2481 1760 2533 alluebentur.

740 2565 804 2614 Haec
818 2561 877 2611 urbe
895 2559 970 2609 muris
985 2556 1071 2608 validis
1091 2584 1122 2595 -
1143 2557 1212 2608 cuius
1233 2557 1258 2608 in
1277 2557 1406 2609 obsidione
1426 2575 1504 2609 annor
1522 2558 1612 2610 versari
1631 2575 1695 2627 opus
1714 2556 1762 2609 fuit

738 2637 908 2694 obsidentibus
928 2663 959 2674 -
979 2635 1118 2688 flumine&
1140 2635 1209 2688 vallis
1230 2635 1324 2704 optime
1345 2636 1439 2688 munita
1459 2649 1523 2704 erat;
1547 2636 1687 2689 defensores
1707 2653 1762 2706 per·

739 2717 837 2790 plurimi
858 2715 954 2768 inerant
976 2732 1057 2783 neque
1080 2715 1149 2766 urbis
1162 2727 1261 2783 portum
1280 2716 1374 2767 catenis
1386 2716 1539 2768 obllrudium
1557 2717 1648 2768 intrare
1664 2716 1763 2782 licebat,

740 2800 775 2852 ita
789 2810 817 2850 ut
830 2795 886 2848 belli
901 2793 1042 2864 peritissimi,
1062 2793 1122 2863 quid
1144 2793 1286 2845 faciendum
1307 2793 1375 2858 esset,
1395 2794 1523 2847 nescirent.
1543 2797 1601 2847 Hoc
1620 2793 1762 2864 imperatori

741 2877 840 2946 eiusque
853 2873 969 2926 exercitui
982 2873 1046 2925 male
1059 2871 1185 2937 evenisset,
1198 2874 1237 2925 sed
1253 2873 1277 2924 in
1291 2891 1322 2925 eo
1338 2875 1437 2925 suerunt
1451 2874 1633 2938 Heriemenses,
1650 2873 1763 2944 quicum

741 2956 819 3010 milite
832 2953 963 3006 Guilelmo
984 2951 1032 3004 hoc
1053 2969 1172 3020 magnum
1193 2952 1330 3020 periculum
1350 2954 1471 3004 subibant.
1492 2954 1589 3006 Navem
1607 2953 1672 3006 enim
1689 2971 1764 3022 gren-

741 3035 799 3088 dem
812 3033 929 3085 aeleram
943 3031 1154 3083 construebant&
1168 3031 1231 3082 serra
1242 3030 1321 3082 ferrea
1333 3032 1474 3096 armabunt,
1487 3049 1567 3099 qurea
1581 3032 1677 3084 summa
1690 3048 1765 3100 prore

742 3115 819 3183 usque
841 3111 874 3162 ad
898 3109 1008 3162 infimam
1028 3109 1138 3162 carinam
1160 3109 1334 3162 descendebat.
1358 3110 1446 3162 Multo
1465 3111 1518 3179 post
1537 3111 1643 3162 navibus
1662 3110 1765 3163 venti&

658 3255 660 3258 Ι
743 3192 832 3244 lludius
849 3188 947 3243 riaetis
963 3202 1069 3252 catenae,
1083 3189 1178 3241 civibus
1196 3188 1264 3240 urbis
1277 3187 1459 3257 ignorantibus,
1480 3189 1550 3242 serrre
1562 3188 1678 3241 dentibus
1691 3187 1766 3242 scissre

744 3273 809 3336 sunt,
821 3287 850 3321 ec
865 3268 995 3338 permultae
1008 3285 1083 3320 neves
1096 3270 1182 3320 urbem
1194 3267 1357 3319 intraverunt.
1374 3270 1432 3320 Hoc
1446 3267 1523 3319 modo
1537 3267 1676 3320 Fridericue
1689 3267 1767 3338 impe-

744 3358 812 3400 rator
833 3348 865 3401 de
883 3348 1002 3400 Damiata
1027 3347 1189 3416 triumphavit
1206 3348 1230 3398 dr
1249 3346 1448 3399 Harlemensrbur
1467 3346 1566 3398 laudem
1588 3346 1690 3416 dignam
1708 3366 1768 3401 con-

744 3426 820 3490 cellit,
829 3443 887 3478 nam
900 3426 1017 3496 clypeum
1027 3425 1095 3479 urbis
1106 3426 1193 3495 gladio
1205 3439 1325 3493 argenteo
1336 3427 1442 3477 ornabat
1451 3426 1482 3476 ad
1496 3425 1641 3478 memoriam
1651 3423 1768 3491 vidioriae,

744 3521 822 3573 quem
844 3504 940 3558 civibus
964 3503 1009 3555 illis
1034 3504 1154 3556 debebat.
1185 3505 1277 3556 Comes
1296 3505 1436 3556 Florentius
1456 3504 1645 3558 bellicosissimus
1666 3504 1730 3556 obiit
1744 3502 1768 3554 in

746 3583 817 3654 Syrie
830 3585 855 3636 dr
870 3582 979 3653 sepultus
997 3583 1030 3634 est
1045 3582 1206 3649 Antiocbiaer
1225 3583 1257 3634 de
1277 3599 1328 3651 quo
1349 3583 1423 3635 restat
1443 3583 1501 3635 nihil
1519 3583 1561 3636 nist
1574 3582 1635 3650 offe,
1654 3583 1768 3653 pulrit&

746 3663 836 3727 lutum,
850 3662 949 3715 unimur
963 3673 1047 3715 autem
1061 3661 1172 3731 splendet
1183 3661 1208 3713 in
1223 3678 1301 3730 regno
1312 3662 1457 3715 reternitatie
1469 3679 1500 3714 ec
1512 3663 1589 3716 coelis.

950 3953 1007 4033 32.
1035 3939 1185 4006 Cltronica
1211 3935 1404 4032 Tornocenfis
1431 3949 1461 4018 (s.
1476 3951 1561 4016 XVI).

993 4151 1043 4216 [De
1055 4152 1133 4216 Smet,
1146 4155 1237 4220 Corpus
1250 4151 1333 4204 claron.
1348 4151 1532 4219 Flaedrtie‚11.]

1251 4335 1270 4378 *

790 4521 953 4604 Tempore
968 4520 1020 4584 suo
1036 4522 1182 4597 (walteri
1195 4524 1329 4608 episcopi
1340 4523 1557 4609 Tornacensts)
1573 4527 1630 4589 luit
1643 4526 1773 4590 indidtus
1788 4557 1809 4602 p.
1822 4551 1867 4601 570

753 4611 901 4693 generalis
914 4609 1046 4674 accessus
1057 4612 1093 4672 ad
1104 4612 1148 4675 T.
1161 4612 1200 4691 S,
1214 4633 1286 4674 cum
1297 4611 1498 4695 indulgentiis
1509 4613 1668 4693 consuetis,
1681 4635 1773 4697 quern

754 4717 809 4782 pro
824 4697 852 4761 se
866 4700 996 4763 redemit
1009 4701 1046 4762 de
1060 4696 1092 4761 ll
1107 4700 1191 4763 libris
1207 4701 1317 4764 veteris
1331 4702 1454 4782 argenti.
