4336 6572
673 968 742 1060 ῃ.
777 935 944 1029 Samuel
967 937 1190 1065 Ampzing.
1391 967 1446 1060 43

422 1218 529 1271 quorum
554 1200 675 1254 memoria
691 1200 834 1270 dignissima
851 1199 985 1253 iudicanda
1006 1200 1071 1265 funt,
1089 1199 1185 1252 obsidio
1201 1199 1329 1254 Damiatce
1341 1201 1366 1253 dr
1382 1202 1453 1254 urbis

422 1281 518 1333 nolirre.
531 1282 598 1334 Cum
609 1280 750 1333 Fridericus
759 1280 896 1350 imperator
905 1297 1026 1349 magnum
1037 1279 1205 1332 exercitum&
1216 1279 1344 1348 ingentem
1353 1279 1454 1350 copiam

423 1358 526 1412 fortium
539 1359 643 1412 militum
654 1359 800 1428 collegisset,
817 1377 902 1412 comes
911 1358 1051 1411 Florentius
1059 1358 1202 1412 Hollandiae
1210 1357 1374 1428 perplurimos
1388 1369 1456 1412 terra

425 1438 537 1492 Harlemi
549 1451 618 1492 ortos
634 1440 715 1492 secum
728 1441 752 1490 in
766 1451 856 1492 terram
875 1439 1020 1491 Turcorum
1037 1437 1118 1502 duxit,
1138 1438 1181 1507 qui
1198 1437 1312 1491 alacriter
1331 1437 1364 1490 illi
1383 1456 1455 1492 exer·

424 1518 482 1570 citui
497 1518 521 1570 fe
535 1518 755 1571 coniunxerunt&
770 1519 794 1570 in
808 1518 965 1572 Palaestinam
980 1517 1159 1587 proterritum
1176 1517 1260 1582 Unde,
1269 1518 1344 1570 rebus
1353 1518 1455 1587 egregie

423 1598 447 1650 δι
466 1599 530 1650 bene
546 1598 629 1667 gellis,
646 1597 791 1652 Damiatam
809 1597 966 1667 appulerunt,
982 1615 1039 1666 quae
1055 1597 1114 1648 urbs
1136 1607 1224 1648 natura
1240 1598 1265 1648 &
1283 1607 1337 1648 arte
1359 1597 1455 1666 optime

424 1677 519 1728 munita
532 1677 594 1729 mari
606 1678 654 1730 srve
667 1677 717 1730 Nili
731 1677 789 1747 ripae
803 1677 947 1743 adiacebat3
961 1695 1018 1729 nam
1034 1677 1059 1728 in
1074 1675 1137 1727 ollio
1149 1675 1198 1727 Nili
1216 1675 1249 1726 ad
1266 1675 1331 1744 ripas
1345 1675 1455 1728 fluminis

424 1756 481 1809 duae
493 1767 573 1810 turres
583 1758 671 1810 erefloe
683 1769 763 1822 erant,
774 1757 865 1826 quibus
880 1755 990 1808 accessus
1001 1755 1194 1820 defendebatur,
1202 1765 1279 1824 atque
1287 1755 1346 1807 inde
1359 1766 1455 1810 catena

422 1833 508 1887 seme
526 1853 592 1905 aqua
613 1837 745 1889 subnursae
762 1836 985 1905 protendebantur,
1002 1845 1029 1886 ut
1045 1835 1111 1886 cives
1128 1843 1318 1903 protegerentur
1336 1835 1361 1886 de
1374 1835 1455 1888 hostes

422 1914 613 1970 deterrerentur.
643 1919 783 1984 Imperator
802 1914 945 1984 praeclarus,
962 1913 987 1965 in
1009 1913 1136 1966 obsidione
1157 1912 1284 1966 Damiatae
1300 1913 1457 1981 constitutus,

423 1993 472 2045 iam
490 2010 549 2046 cum
562 1996 681 2048 omnibus
696 1995 837 2048 consiliariis
852 1994 900 2045 suis
917 2005 1077 2058 convenerat,
1098 2005 1126 2044 ut
1142 1992 1264 2045 exercitus
1281 1991 1458 2060 dimitteretur,

423 2074 447 2124 dr
461 2073 485 2124 in
498 2075 548 2126 tale
561 2075 670 2127 dedecus
688 2073 835 2140 incurrisset,
851 2073 892 2125 nifi
909 2073 998 2126 milites
1012 2073 1087 2124 nostri
1100 2073 1195 2124 mundo
1211 2069 1380 2138 oslendili'ent,
1397 2091 1456 2142 qua

423 2151 506 2205 valent
519 2152 650 2218 fortitudo,
660 2153 798 2222 ingenium,
810 2152 1014 2222 intelligentia,&
1026 2152 1098 2219 ratio,
1111 2169 1168 2220 qua
1177 2150 1261 2203 valent
1272 2150 1359 2202 heroes
1369 2151 1457 2220 gloriar

330 2249 351 2296 p.
366 2246 410 2296 rso
424 2231 519 2300 cupidi.
536 2231 571 2284 Hi
585 2233 651 2285 enirn
667 2234 756 2285 serram
771 2251 802 2284 ex
815 2232 922 2302 chalybe
935 2233 999 2283 bene
1012 2233 1103 2283 durato
1121 2230 1262 2283 confertam
1279 2229 1371 2283 carinae
1383 2230 1457 2283 unius

424 2310 523 2362 navium
538 2311 636 2363 suarum
649 2322 702 2364 arte
719 2311 861 2363 suffixerunt
875 2310 1003 2362 &deinde
1020 2327 1105 2361 coram
1122 2308 1197 2362 clad‘e
1212 2319 1266 2360 tota
1282 2319 1360 2361 vento
1373 2307 1457 2360 valido

425 2389 532 2458 propulsu
545 2389 570 2442 vi
582 2390 722 2443 carinarum
740 2391 808 2442 serris
825 2389 934 2442 dentatis
953 2401 1107 2441 armatarum
1129 2400 1232 2441 catenas
1253 2388 1386 2455 sciderunt,
1405 2405 1457 2457 quo

425 2467 531 2535 impulsu
544 2469 661 2537 usquead
670 2469 750 2538 ripam
760 2469 869 2521 fluminis
879 2468 988 2537 provesii
1000 2469 1063 2520 sunt.
1084 2466 1206 2520 Viilorial
1225 2466 1348 2520 exercitus
1361 2466 1390 2518 iis
1403 2465 1457 2517 suc·

425 2546 500 2612 cedit,
522 2565 609 2600 omnes
628 2547 732 2618 vestigia
753 2565 842 2600 eorum
863 2549 1010 2616 sequuntur,
1033 2547 1114 2600 Turci
1134 2547 1231 2600 fortiter
1244 2546 1316 2615 petiti
1330 2546 1354 2598 in
1369 2545 1457 2614 fugam

425 2636 567 2694 vertuntur,
589 2626 753 2696 prodigamus
777 2645 820 2681 eos
840 2640 898 2681 ante
914 2628 988 2693 valla,
1015 2627 1155 2680 invadimus
1176 2626 1274 2691 urbem,
1298 2624 1370 2677 cuius
1390 2624 1457 2678 cives

425 2705 472 2757 bac
483 2705 620 2759 incurfione
634 2707 758 2775 perterriti
769 2707 880 2759 animum
893 2707 1047 2772 dimiserunt,
1070 2707 1190 2758 nostrates
1211 2705 1359 2774 irrumpunt,
1381 2702 1458 2756 vexil-

424 2783 476 2836 lum
494 2786 605 2838 nostrum
628 2785 662 2838 ibi
684 2788 792 2839 etesium
810 2787 844 2839 est
861 2789 885 2838 dr
910 2799 978 2839 totus
1000 2786 1121 2838 exercitus
1147 2783 1307 2854 progreditur
1330 2783 1356 2834 in
1381 2781 1422 2835 via
1443 2800 1459 2833 s

423 2863 496 2916 nobis
519 2877 614 2934 aperta.
639 2866 768 2918 Nostrates
786 2867 881 2918 honore
898 2865 1052 2929 fruebantur,
1073 2865 1116 2934 qui
1140 2865 1165 2916 in
1187 2864 1269 2934 prima
1292 2861 1346 2915 acie
1370 2861 1459 2914 consti·

423 2941 471 2993 tuti
491 2941 577 3008 elfent,
596 2942 640 3012 qui
661 2945 750 2996 urbem
770 2954 896 3013 caperent,
922 2943 988 2996 valla
1010 2942 1189 2996 demolirentur
1209 2944 1233 2994 dr
1255 2941 1360 2994 hostium
1377 2941 1458 3010 super·

423 3020 491 3072 biam
504 3021 655 3091 frangerent.
667 3024 726 3075 Hoc
737 3022 849 3075 facinore
863 3040 966 3092 magno,
985 3023 1033 3075 hoc
1049 3022 1185 3075 certamine
1201 3033 1253 3074 tam
1271 3020 1370 3073 fortiter
1387 3037 1458 3073 com·

424 3100 493 3154 millo
505 3100 595 3154 eximia
605 3102 679 3156 laude
691 3105 773 3156 ornati
787 3105 850 3168 sunt,
860 3105 903 3156 sed
912 3105 961 3156 huc
971 3103 1078 3168 accelfit,
1086 3104 1156 3173 quod
1169 3105 1310 3172 Imperator
1323 3101 1458 3170 praelarus

423 3197 492 3232 arma
508 3182 591 3234 nostra
603 3183 675 3235 novis
695 3183 768 3252 signis
785 3184 894 3248 ornavit,
911 3197 939 3236 ut
955 3183 1074 3236 virtutem
1094 3183 1203 3234 nostram
1223 3181 1360 3234 testaretur.
1381 3181 1458 3232 Unde

423 3277 489 3312 nunc
506 3260 628 3313 habemus
648 3262 790 3315 testimonia
809 3282 839 3315 ex
860 3264 953 3315 virtute
971 3275 1039 3328 nata,
1062 3281 1120 3332 quae
1139 3261 1228 3330 faepius
1250 3260 1370 3312 eminuit=
1393 3257 1457 3312 tellis

423 3340 489 3392 enirn
510 3340 545 3392 est
559 3357 617 3392 area
629 3341 673 3392 itta
686 3341 769 3394 colore
785 3341 908 3410 sanguinis
926 3343 1001 3412 pisia,
1019 3341 1091 3394 stellae
1110 3328 1170 3406 illei,
1197 3357 1303 3409 quarum
1325 3339 1457 3408 quaternio

423 3418 475 3489 ipsa
484 3419 518 3470 eli
533 3419 682 3489 symbolum.
698 3421 865 3474 Multitudine
878 3422 1000 3474 llellarum
1016 3421 1166 3490 significatur
1176 3420 1266 3486 honor,
1276 3436 1328 3488 quo
1340 3418 1456 3472 virtutem

423 3498 531 3549 nostram
545 3497 659 3551 illustrari
671 3500 791 3565 decebat,
806 3513 927 3570 quattuor
940 3519 999 3553 vero
1015 3517 1141 3564 numerus,
1154 3517 1235 3568 quum
1249 3498 1341 3567 pagani
1355 3497 1457 3550 orientis

423 3588 512 3645 quater
528 3576 619 3630 virtute
635 3577 718 3630 nostra
735 3579 838 3648 percussi
857 3580 947 3632 fuerint
966 3581 991 3631 u
1011 3580 1101 3649 quinto
1120 3578 1234 3630 omniurn
1255 3579 1377 3629 acerrimo
1398 3577 1457 3644 ictu,

423 3673 501 3724 quum
514 3656 629 3725 proelium
642 3658 817 3711 Damiatinum
838 3659 1047 3712 committeretur.
1069 3660 1142 3711 Turn
1161 3657 1264 3728 clypeus
1283 3656 1365 3708 noster
1386 3657 1457 3709 novis

423 3734 559 3787 honoribus
573 3745 676 3787 ornatus
690 3735 745 3801 fuit,
759 3735 850 3790 scilicet
861 3737 947 3806 gladio
959 3747 1080 3805 argenteo
1094 3754 1152 3790 curn
1167 3755 1241 3790 cruce
1251 3736 1458 3805 supereminente,

423 3813 462 3866 cui
475 3813 698 3868 circumscribitur:
721 3816 776 3868 Vim
794 3816 860 3868 vicit
877 3817 973 3868 virtus.
991 3817 1126 3868 Fortitudo
1147 3817 1214 3869 enim
1228 3816 1304 3885 fregit
1317 3813 1456 3883 superbiam

423 3893 554 3960 adversarii
567 3895 676 3963 potentis
688 3912 719 3947 ac
730 3895 811 3962 fortis,
825 3895 904 3948 virtus
914 3896 979 3948 enim
990 3895 1097 3965 impigra
1110 3896 1194 3948 slravit
1205 3895 1368 3948 iedladonem
1383 3894 1457 3946 hostis

423 3971 524 4040 eiusque
538 3975 624 4025 robur.
640 3973 739 4045 Clypeo
755 3975 802 4040 illi,
817 3976 914 4045 gladio,
934 3993 1008 4029 cruce
1020 3977 1044 4028 δι
1058 3976 1129 4028 slellis
1142 3976 1271 4040 decorato,
1294 3985 1366 4026 tanto
1379 3973 1457 4043 splen·

423 4050 485 4103 dore
494 4051 617 4105 illustrato
624 4053 704 4123 gloria
715 4054 864 4123 sempiterna
879 4055 929 4107 late
943 4054 1105 4120 diffundetur,
1122 4071 1202 4123 eaque
1214 4055 1331 4106 arborem
1347 4053 1456 4104 nostram

423 4141 535 4183 veterem
550 4144 699 4201 argenteam
713 4134 813 4201 vestiet3
825 4147 959 4202 utramque
972 4133 1053 4202 magis
1068 4134 1145 4185 etiam
1159 4132 1347 4185 honorabimus.
1359 4132 1457 4184 Pariter

424 4211 530 4279 populus
543 4213 628 4265 noster
639 4213 672 4264 ad
685 4213 793 4282 gloriam
807 4216 963 4268 Batavorum
977 4216 1000 4266 δι
1016 4231 1098 4267 rerum
1119 4215 1152 4264 ab
1169 4212 1197 4265 iis
1209 4213 1334 4281 gestarum
1351 4211 1457 4281 pollidet

424 4307 502 4356 arma,
519 4291 618 4356 vexilla,
638 4293 715 4362 spolia
732 4293 844 4358 honesta,
861 4294 954 4364 quibus
972 4293 1073 4346 familia
1088 4291 1196 4346 civitatis
1212 4292 1302 4344 nollrae
1323 4303 1456 4360 ornantur,

424 4386 490 4422 nunc
503 4370 579 4422 etiam
592 4371 708 4440 quotidie
720 4373 783 4424 duas
796 4373 963 4442 campanellas
978 4391 992 4425 e
1004 4373 1065 4425 turri
1078 4373 1161 4424 nostra
1179 4389 1254 4425 voces
1267 4371 1370 4424 edentes
1384 4371 1456 4423 audi·

425 4467 488 4514 mus,
507 4468 565 4520 quae
583 4469 614 4503 ex
633 4469 690 4505 aere
706 4453 815 4520 pretioso
828 4452 901 4506 fauo
919 4452 1032 4506 discinde
1046 4453 1118 4504 nobis
1134 4452 1160 4503 in
1176 4451 1324 4503 memoriam
1338 4461 1457 4504 revocant

425 4529 601 4677 ἱῐὲἶωρὴυως)
611 4549 696 4583 nama
714 4531 837 4584 Damiata
851 4550 944 4585 nomen
957 4533 1051 4584 habent
1063 4531 1182 4600 vulgaret
1197 4540 1292 4600 parve
1305 4531 1457 4584 Damiatinae

482 4611 588 4677 mraetjes
605 4647 611 4660 .
