4362 6560
527 1048 601 1138 77.
641 1014 816 1109 ‘sbomos
839 1009 1174 1142 Cuntiprorenfis.
1281 1041 1355 1104 121

345 1278 389 1342 illi
409 1281 441 1341 in
460 1279 519 1341 hac
537 1277 601 1340 vita
621 1297 744 1360 parcere
766 1276 873 1356 voluit,
890 1278 963 1361 quin
985 1295 1055 1338 eum
1080 1295 1134 1358 pro
1158 1275 1366 1340 inobedientia

344 1381 430 1431 tanto
447 1367 594 1448 temporis
608 1363 703 1448 spatio
717 1364 890 1449 flagellaret.
906 1363 995 1452 Quid
1010 1386 1084 1449 ergo
1098 1367 1137 1429 de
1150 1364 1239 1430 nobis
1253 1367 1366 1430 miseris

346 1457 481 1521 futurum
492 1455 544 1532 est,
558 1455 610 1534 qui
633 1453 808 1535 parentibus
829 1454 1039 1519 inobedientes
1058 1453 1233 1537 frequenter
1255 1456 1366 1519 suimus

346 1545 377 1609 dr
391 1543 524 1626 prelatis,
539 1540 653 1605 &Deo
664 1543 740 1625 patri
755 1541 895 1605 omnium
909 1543 1052 1621 maxime,
1065 1544 1117 1626 qui
1133 1563 1189 1606 nos
1203 1545 1318 1606 creavit
1337 1543 1368 1607 br

346 1633 447 1716 pascit,
469 1631 491 1696 fi
506 1648 568 1696 tam
582 1631 718 1716 perfodio
732 1631 798 1694 viro
813 1652 868 1714 pro
892 1629 953 1694 sola
968 1630 1175 1694 inobedientia
1187 1653 1251 1695 non
1261 1652 1370 1715 peper-

345 1721 388 1785 cit
401 1721 408 1784 1
421 1767 428 1782 .
443 1767 451 1784 .
466 1766 496 1784 ..

729 1896 993 1966 Hchaffimp

554 2027 602 2090 De
615 2027 691 2106 viro,
704 2027 752 2108 qui
764 2025 873 2108 Christo
886 2028 1069 2111 compatiendo
1083 2029 1155 2092 obiit.

255 2218 277 2264 p.
290 2213 334 2248 ros
388 2187 477 2275 Quid
493 2199 594 2249 autem
610 2185 640 2247 in
654 2185 831 2268 exemplum
852 2186 941 2250 huius
965 2189 1090 2251 materie
1103 2189 1278 2272 contigerit,
1293 2190 1371 2252 rese-
1385 2197 1443 2242 ¹2¹⁷

347 2295 448 2340 murus
459 2272 533 2336 secut
546 2294 564 2335 a
577 2270 637 2335 fide
648 2273 747 2357 dignis
768 2275 952 2356 accepimus.
971 2275 1064 2340 Circa
1077 2297 1191 2339 anuum
1214 2278 1252 2339 ab
1272 2279 1372 2340 incar·

348 2365 473 2428 natione
495 2362 625 2426 Domini
641 2361 824 2429 Mccxvt
835 2363 959 2446 quidam
974 2365 1020 2426 vir
1040 2362 1137 2428 fidelis
1159 2364 1188 2426 dr
1212 2365 1311 2429 bonus
1335 2368 1373 2429 de

259 2475 280 2520 r·
293 2469 335 2518 ¹03
349 2452 466 2535 oppido
488 2450 666 2514 Dinantheo
684 2472 767 2514 mare
779 2448 934 2514 transiit&
950 2452 1093 2534 ingressus
1104 2469 1214 2515 terram
1233 2453 1375 2533 sanatam,

351 2541 420 2604 ioca
433 2536 557 2623 singula,
572 2539 724 2624 inquibus
739 2539 831 2621 pedes
851 2538 983 2602 Domini
1003 2539 1111 2603 stetisse
1130 2539 1309 2625 quibusdam
1328 2543 1375 2604 in-

351 2626 439 2691 diciis
454 2626 615 2705 ferebatur,
625 2627 723 2689 multa
736 2625 901 2690 devotione
915 2626 945 2690 δι
958 2626 1121 2710 lachrymis
1131 2625 1268 2691 visitavit.
1277 2627 1376 2692 Cum·

352 2736 412 2798 que
423 2713 549 2778 venisset
562 2716 598 2776 ad
622 2713 725 2777 iocum
747 2713 897 2792 Calvarie,
921 2714 973 2776 ubi
990 2714 1216 2798 redemptorem
1240 2717 1376 2779 nostrum

351 2804 467 2866 audivit
482 2803 588 2866 mortis
602 2803 750 2886 angustias
768 2802 798 2866 δι
815 2804 914 2866 crucis
936 2802 1117 2885 supplicium
1136 2802 1297 2888 pertulisse,
1311 2825 1377 2889 gra·

352 2893 474 2954 viffimis
488 2890 615 2972 suspiriis
627 2890 835 2974 ingemiscens,
849 2913 920 2954 cum
935 2892 1068 2955 clamore
1083 2892 1185 2955 valido
1205 2892 1235 2956 dr
1259 2892 1378 2975 lachry-

352 2982 410 3044 mis
425 2979 516 3042 dixit:
539 3003 554 3037 ι
572 2975 661 3064 Quid
674 2978 740 3057 tibi,
760 2979 966 3061 benigniffime
981 2979 1130 3058 Domine,
1144 2982 1229 3063 quid,
1241 2984 1379 3064 inquam,

352 3069 407 3131 tibi
422 3066 542 3131 Christe
557 3066 723 3128 retribuam
738 3088 792 3150 pro
807 3066 962 3146 omnibus,
976 3089 1036 3150 que
1054 3070 1137 3150 prius
1157 3084 1274 3132 amator
1296 3089 1379 3130 ama-

353 3155 422 3218 bilis
434 3155 509 3216 mihi
525 3152 703 3216 mirabiliter
725 3154 878 3217 tribuisti?
902 3155 977 3220 Vidi
1000 3155 1088 3239 plura
1112 3156 1191 3237 ioca,
1212 3157 1243 3218 in
1268 3156 1378 3239 quibus

353 3259 441 3306 natus
456 3241 579 3305 &inter
599 3241 739 3307 homines
758 3242 960 3322 conversatus,
980 3243 1150 3308 doetrinam
1172 3244 1379 3327 evangelicam

355 3330 513 3415 predicasti
532 3328 696 3394 &deitatis
717 3345 768 3394 tue
786 3331 899 3394 indicia
921 3351 974 3414 per
994 3332 1141 3396 miracula
1164 3331 1379 3395 demonstrasti.

352 3421 422 3486 Nec
441 3419 576 3500 quidem,
587 3417 628 3479 ob
639 3439 777 3482 amorem
798 3418 828 3482 dr
849 3421 1050 3482 reverentiam
1071 3422 1126 3499 tui,
1148 3420 1262 3484 smeero
1286 3420 1381 3482 corde

356 3505 536 3588 complexus
556 3505 642 3568 sum:
674 3506 755 3569 hunc
769 3527 842 3568 vero
863 3506 967 3568 iocum
989 3508 1127 3590 passionis
1146 3506 1177 3570 dr
1205 3507 1310 3570 mortis
1329 3521 1380 3569 tue

355 3615 436 3677 equo
460 3594 563 3655 animo
586 3593 689 3657 videre
707 3615 769 3657 non
792 3591 919 3676 possum,
944 3594 995 3656 ubi
1015 3595 1109 3658 clavis
1133 3592 1282 3678 crucifigi,
1303 3609 1382 3657 tere-

357 3681 433 3744 brari
451 3680 556 3743 lancea
570 3680 600 3743 dr
615 3682 747 3744 animam
762 3703 819 3764 pro
832 3681 922 3743 nobis
938 3682 1054 3745 tradere
1075 3682 1231 3746 voluisti.»
1257 3681 1325 3745 Hec
1350 3696 1383 3744 ut

356 3769 463 3833 beatus
478 3767 530 3832 ille
544 3769 709 3852 peroravit,
722 3769 906 3848 exclamans,
913 3770 1009 3852 ruptis
1020 3770 1162 3835 vitalibus
1176 3770 1278 3835 cordis
1298 3770 1384 3832 venis

360 3856 497 3941 spiritum
513 3856 673 3920 exhalavit.

721 4031 1020 4102 Mbmmpffimp

418 4167 623 4234 Prodidiarum
636 4193 734 4234 rerum
748 4184 870 4249 tumtur,
883 4172 917 4232 ξς
931 4172 1016 4234 varie
1028 4170 1118 4235 crucis
1131 4171 1327 4254 apparitiones,

745 4262 780 4322 ἔθ’
789 4258 998 4344 predicatione.

265 4456 342 4508 μς,
401 4421 456 4485 De
470 4444 592 4487 annona
611 4445 693 4525 uere,
714 4423 797 4525 quod
816 4424 956 4526 predixit,
969 4425 1080 4488 evenit
1095 4421 1302 4524 Discolpratas
1316 4443 1386 4486 cru-
1400 4423 1458 4483 ¹24⁶

359 4510 677 4681 {nastris}
692 4510 1301 4681 sitititfflittddziitdid:
1315 4511 1387 4662 bt}

366 4685 496 4749 secunda
517 4687 671 4770 expeditio
700 4687 736 4750 ad
761 4689 947 4771 purgandam
969 4684 1178 4771 Albigensrum
1198 4701 1310 4748 terram
1335 4707 1389 4770 per

368 4772 482 4857 legatos
494 4773 579 4839 curie
590 4773 730 4838 Romane
744 4775 829 4840 missa
843 4776 908 4839 fuit.
919 4775 976 4840 sed
985 4774 1096 4839 &crux
1111 4773 1241 4838 amultis
1255 4775 1388 4857 populis,

498 4893 519 4932 τ
1229 4886 1259 4934 m
