4168 6502
470 919 565 1010 181.
599 919 786 1014 Marinus
808 921 997 1030 Sunutus,
1007 921 1167 1043 senior.
1235 953 1319 1044 255

301 1184 431 1253 parvulum
444 1184 523 1238 filium
539 1184 685 1250 llenticum,
697 1203 787 1238 novem
809 1185 937 1249 mentium,
955 1186 1055 1238 &duas
1075 1185 1154 1254 filias,-
1175 1205 1225 1238 una
1243 1186 1323 1255 nupsit

301 1265 425 1318 Gualtero
449 1265 536 1318 comiti
562 1265 687 1329 Brenenfi,
710 1266 787 1318 altera
814 1265 942 1330 Ysabella,
962 1265 1013 1318 filio
1035 1265 1150 1336 principit
1173 1266 1321 1320 Antiocbie.

96 1345 164 1392 Vina.
176 1345 272 1405 Bellon,
301 1345 458 1398 mccxlx.
473 1346 502 1396 A
511 1343 642 1396 Coradino
653 1343 785 1398 Ierusalem
799 1344 906 1413 capitur,
919 1344 982 1396 muri
994 1347 1017 1396 dr
1029 1346 1115 1398 omnia
1128 1345 1323 1414 prostemuntur,
1336 1360 1395 1406 1219

68 1416 140 1482 [Ψ
151 1433 172 1478 l·
186 1429 286 1476 ¹0²·103
299 1433 406 1493 excepto
419 1423 514 1493 templo
527 1422 667 1476 Domini&
680 1423 741 1476 turri
753 1424 845 1478 David.
865 1426 904 1476 lle
917 1424 1047 1494 sepulchro
1058 1424 1162 1478 Domini
1175 1424 1322 1477 destruendo

300 1503 415 1556 Saraceni
432 1502 560 1556 confilium
578 1502 726 1564 babuerunt,
747 1503 771 1554 St
788 1501 873 1554 litteris
893 1503 1040 1556 comminati
1061 1503 1125 1570 sunt,
1145 1521 1207 1574 quas
1227 1502 1322 1556 civibus

299 1583 417 1636 Damiate
431 1581 463 1634 ad
476 1581 591 1634 solatium
604 1597 690 1634 eorum
705 1581 905 1650 transmiserunt,
929 1599 1002 1634 nemo
1016 1594 1099 1634 tamen
1112 1600 1205 1651 ponere
1219 1600 1321 1634 manum

298 1660 450 1730 presumpsit,
471 1673 572 1730 propter
593 1659 754 1713 reverentiam
772 1658 828 1712 loci.
853 1661 964 1714 Unde&
981 1660 1006 1712 in
1019 1661 1152 1714 Alcorano
1173 1661 1322 1726 continetur,

298 1741 367 1810 quod
380 1740 495 1805 credunt,
515 1739 595 1792 lesum
610 1739 734 1792 Christum
754 1739 786 1790 de
807 1739 892 1790 Maria
905 1739 1010 1808 Virgine
1022 1753 1172 1810 conceptum
1184 1742 1209 1794 de
1222 1753 1318 1794 natum.

298 1820 479 1890 prophetam&
491 1821 544 1888 plua
555 1835 630 1890 quam
641 1818 799 1888 prophetam,
812 1817 859 1871 stne
874 1831 979 1886 peccato
989 1818 1081 1884 vixisse,
1094 1836 1167 1872 cecoa
1177 1817 1321 1873 illuminafl'e

298 1899 405 1968 leprosot
419 1896 558 1961 mundaffe,
571 1909 683 1950 mortuos
696 1895 826 1964 suscitasse,
840 1899 952 1950 Verbum
966 1898 1117 1966 &Spiritum
1131 1898 1190 1964 Dei,
1202 1900 1226 1951 Sc
1236 1898 1320 1951 virum

297 1978 329 2030 ad
346 1977 413 2030 celos
435 1976 577 2030 ascendisse.
599 1977 674 2029 Unde
687 1977 711 2028 Sc
723 1975 844 2046 sapientes
857 1993 953 2041 eorum,
966 1976 1068 2044 quando
1081 1988 1193 2047 ternpore
1203 1988 1320 2046 treugua-

297 2074 352 2108 rum
367 2057 504 2108 ascendunt
523 2056 548 2107 in
567 2055 709 2118 Ierusalem,
732 2055 847 2108 codicem
867 2056 1061 2124 Evangeliorum
1084 2056 1127 2108 subi
1144 2057 1268 2125 postulant
1280 2075 1322 2109 ex·

297 2135 386 2199 biberi,
405 2135 580 2188 &osculantes
592 2145 751 2198 venerantur,
769 2147 871 2203 propter
883 2134 1049 2204 Euangelium
1070 2135 1145 2188 illud.
1168 2155 1178 2183 ι
1194 2136 1278 2202 Mssus
1291 2137 1325 2204 est

297 2213 404 2266 Gabriel
413 2213 515 2284 arrgelae
526 2215 574 2266 tec.
588 2214 666 2282 (Luc.
681 2214 702 2279 1,
714 2212 770 2281 26.)

718 2385 800 2449 Cur.
816 2381 903 2448 VIII.

297 2526 422 2589 Continet
434 2527 572 2590 Durniute
585 2527 733 2608 captionem
748 2525 912 2607 celeremque
931 2525 1043 2612 lapsum
1058 2525 1157 2609 pepuli
1178 2527 1324 2607 christiani

664 2614 778 2676 invitia
792 2615 826 2676 &
836 2628 961 2697 peccata.

333 2773 437 2825 Accidit
455 2784 539 2824 autem
560 2771 650 2842 hyeme
669 2788 713 2840 per
735 2789 779 2824 ora
798 2789 920 2840 cruraque
936 2771 1021 2842 populi
1042 2771 1153 2841 pestilens
1171 2778 1284 2840 morbus,
1296 2774 1320 2826 in

297 2864 396 2904 tantum
413 2851 514 2916 sedena,
527 2863 554 2902 ut
565 2850 636 2902 multi
649 2851 766 2920 perirent,
778 2850 885 2918 indeque
897 2852 929 2903 ad
940 2853 1059 2904 Damiate
1070 2851 1163 2904 incolat
1176 2853 1319 2922 pertransit.

296 2931 383 2984 Studet
401 2931 505 2999 proinde
525 2929 647 2981 Soldanus
658 2929 797 2983 succurrere
810 2930 924 2996 civitati3
940 2932 964 2982 dr
979 2931 1174 2999 primoquidem
1192 2933 1265 2985 node
1277 2951 1321 3002 per

296 3009 400 3064 flurium
415 3009 597 3062 transmittebat
610 3009 722 3061 reselulaa
735 3009 799 3062 lever
812 3010 929 3062 consutae
952 3010 976 3062 in
993 3010 1066 3062 coriis
1083 3012 1107 3062 de
1128 3011 1229 3078 ceratia,
1248 3011 1321 3064 chris-

297 3088 358 3140 tiani
373 3089 421 3140 boc
435 3088 600 3154 advertentes,
623 3088 693 3140 sunm
706 3105 751 3156 per
763 3089 926 3140 transversum
940 3089 1048 3141 tltrminia
1061 3089 1203 3158 posuerunt,
1222 3090 1321 3142 tintina-

298 3169 358 3221 bula
370 3181 542 3237 apponentes,
555 3183 612 3219 cum
626 3184 685 3220 vero
703 3167 812 3236 predicta
830 3167 1022 3234 descendebant,
1034 3168 1195 3236 rapiebantur
1210 3186 1224 3220 a
1247 3168 1321 3220 chn's·

295 3248 369 3301 tiania
388 3247 412 3299 in
430 3246 570 3316 preparatio
582 3245 709 3310 naviculis.
733 3246 849 3298 Secundo
871 3245 1003 3312 Soldanua,
1023 3247 1127 3299 abiectis
1150 3265 1271 3316 equorum
1292 3250 1317 3300 dr

295 3327 450 3380 camelorum
465 3326 607 3391 visceribus,
620 3325 706 3394 pannis
723 3326 905 3378 circumvoluta
923 3325 1015 3378 cibaria
1037 3326 1197 3396 imponebat,
1217 3328 1241 3379 de
1262 3343 1319 3379 cum

295 3405 383 3459 cetetit
399 3405 562 3458 cadaveribua
574 3421 617 3473 per
628 3404 730 3457 fluuium
745 3403 814 3457 abire
826 3405 935 3457 tinebatu
949 3405 993 3474 qui
1006 3423 1065 3458 vero
1079 3406 1104 3458 in
1117 3405 1237 3458 Damiata
1250 3417 1321 3458 erant

295 3484 401 3538 tttionts
425 3501 475 3536 non
494 3484 584 3554 ignari,
601 3483 773 3536 descendentia
793 3484 916 3536 cadavera
933 3485 965 3536 ad
988 3485 1012 3536 se
1028 3485 1167 3536 trahebant.
1186 3485 1215 3536 Id
1236 3497 1320 3536 autem

296 3563 418 3617 christiani
430 3564 587 3616 advertentes
606 3561 690 3614 omnia
707 3562 899 3630 perscrutantur.
914 3563 1006 3616 Tertio
1018 3563 1090 3632 eligit
1106 3575 1229 3616 trecentos
1244 3564 1320 3632 agiles

297 3645 442 3708 Saracenos,
454 3643 497 3710 qui
508 3641 581 3694 nodie
591 3657 633 3710 per
645 3641 723 3692 callra
736 3640 921 3692 christianorum
935 3658 1011 3710 panea
1023 3643 1047 3693 dr
1061 3642 1126 3695 levia
1138 3641 1230 3694 cibaria
1243 3643 1321 3694 nans·

296 3732 435 3790 portarentr
448 3723 471 3773 de
485 3720 541 3773 solia
554 3731 663 3788 quatuor
675 3719 857 3772 transeuntibus
871 3720 948 3772 ceteri
968 3720 1037 3773 suere
1049 3720 1141 3774 mortui
1162 3721 1201 3773 rel
1217 3721 1318 3790 captivi.

296 3802 338 3852 Ea
350 3813 410 3852 tunc
421 3799 543 3852 christiani
556 3798 671 3851 machina
691 3798 810 3851 continue
826 3799 858 3850 ad
876 3815 995 3868 magnam
1016 3799 1104 3852 turrim
1126 3799 1213 3870 anguli
1230 3817 1320 3868 percu·

296 3878 394 3945 tientes,
415 3879 450 3930 ita
462 3878 571 3930 laxatam
584 3879 672 3930 turrim
687 3878 843 3947 aspexerunt,
864 3890 892 3930 ut
912 3877 1002 3947 aliquia
1021 3879 1080 3931 inde
1102 3879 1182 3947 posset
1203 3879 1320 3932 trantirea

295 3974 342 4009 nec
355 3975 398 4027 per
410 3956 554 4009 intrinsecos
569 3956 757 4008 succurrebatur
767 3956 791 4007 in
804 3955 897 4025 aliquo.
915 3957 1017 4009 Accidit
1032 3975 1134 4026 quoque
1142 3958 1203 4024 sero,
1216 3958 1321 4026 tempes-

296 4037 395 4089 tuosum
409 4049 511 4105 tempus
521 4053 551 4087 ac
561 4035 718 4088 tenebrosum
728 4035 816 4102 valde,
827 4047 886 4088 tunc
900 4034 1001 4103 quidam
1015 4035 1202 4088 christianorum
1221 4047 1320 4105 paratas

297 4115 372 4168 scalas
384 4115 416 4166 ad
432 4115 513 4168 menia
525 4114 625 4184 erigunt
638 4115 756 4181 civitatis,
770 4113 824 4184 post
838 4114 884 4166 hec
895 4113 983 4165 turrim
1003 4114 1175 4168 ascendunt&
1195 4114 1319 4166 nerninem

296 4194 464 4264 reperiunt,&
478 4194 609 4246 redeuntes
622 4194 668 4246 hec
688 4193 740 4262 regi
764 4193 924 4245 annunciant.
935 4193 992 4245 Rex
1004 4210 1064 4245 vero
1081 4194 1166 4262 legato
1177 4195 1202 4245 dr
1214 4192 1320 4244 concilio

297 4273 380 4338 refert,
392 4272 461 4343 quod
474 4271 545 4343 pollit
557 4273 589 4324 ad
604 4271 701 4325 libitum
721 4289 810 4344 capere
831 4271 974 4340 civitatem,-
996 4271 1084 4324 relatio
1104 4271 1199 4324 conclis
1219 4271 1321 4342 placuit,

295 4350 449 4402 &iubentur
462 4367 548 4404 omnea
570 4367 639 4402 arma
657 4367 755 4420 capere,
776 4362 887 4418 tempore
908 4359 1059 4418 opportuno.
1080 4349 1137 4402 Rex
1150 4347 1227 4417 igitur
1247 4348 1320 4401 nocie

295 4429 437 4482 transmittit
463 4429 551 4482 rnssitea
572 4430 596 4481 dr
623 4441 743 4495 amiatoa,
761 4429 806 4498 qui
829 4429 916 4481 turrim
942 4428 1030 4496 potlint
1055 4428 1156 4497 egregie
1180 4427 1317 4480 defensare.

296 4507 455 4561 lllucescente
466 4526 526 4562 vero
538 4509 587 4574 die,
599 4509 683 4561 eredo
695 4509 785 4561 vexillo
798 4508 863 4578 regis
884 4507 1014 4561 Ierusalem
1031 4507 1102 4577 super
1121 4506 1218 4573 turrim,
1235 4507 1318 4559 aocla-

296 4598 427 4640 maaerunt
438 4587 481 4657 qui
491 4587 590 4640 deintus
602 4600 683 4652 erant,
689 4587 850 4656 implorante·
859 4586 970 4639 divinum
980 4603 1010 4638 ac
1021 4586 1103 4640 Sancti
1112 4584 1238 4656 Sepulchri
1249 4585 1319 4638 auexi-

295 4667 362 4718 lium.
376 4667 454 4718 Tunc
465 4667 560 4718 clamor
578 4667 684 4720 invaluit
705 4667 730 4720 in
748 4667 857 4720 exercitu
877 4665 1061 4732 christiam&
1078 4666 1110 4717 ad
1126 4665 1202 4718 scalae
1220 4664 1317 4734 plurimi
