4336 6572
594 1040 668 1132 73.
706 1009 938 1102 Vincentius
960 999 1270 1134 Bellovucenfis.
1365 1029 1440 1124 ιο)

427 1273 452 1326 in
467 1274 599 1328 Aluorano
610 1274 677 1330 libro
692 1275 754 1345 legia
766 1291 854 1328 eorum
872 1275 967 1328 habent
979 1273 1113 1344 scriptume
1124 1271 1205 1326 lesum
1218 1271 1342 1326 Cluilium
1356 1269 1446 1324 Domi·
1460 1273 1518 1323 ¹²¹9

427 1374 488 1410 num
501 1357 610 1410 nostrum
623 1357 729 1409 credunt
742 1356 774 1409 de
788 1356 874 1409 Maria
886 1355 982 1426 virgine
993 1366 1144 1424 conceptum
1156 1355 1179 1407 bt
1193 1365 1290 1418 natum,
1303 1370 1377 1423 quem
1397 1352 1447 1406 fine

427 1449 533 1507 peccato
544 1435 627 1490 vixifl'e
647 1436 804 1507 prophetam,
824 1437 848 1488 δι
861 1436 989 1505 plusquam
1002 1435 1162 1504 prophetam,
1185 1433 1361 1498 contestantur,
1373 1449 1446 1485 cecos

426 1515 581 1582 illuminasse,
594 1515 705 1585 leprosos
723 1513 861 1580 mundasse,
873 1526 985 1568 mortuos
1002 1512 1131 1579 suscitaffe,
1143 1511 1246 1568 firmiter
1256 1512 1372 1566 asserunt.
1386 1517 1448 1565 Ver-

427 1597 488 1650 bum
504 1597 529 1650 &
547 1595 658 1665 spiritum
676 1595 725 1649 Dei
738 1596 763 1648 bt
774 1595 857 1648 rivum
874 1594 908 1647 ad
919 1594 986 1648 celos
997 1591 1131 1647 ascendisse
1143 1609 1193 1646 non
1205 1591 1354 1646 discredunt.
1372 1591 1448 1646 Unde

427 1675 529 1744 quando
538 1686 652 1745 tempore
661 1687 807 1744 treugarum
818 1673 938 1743 sapienter
947 1674 1057 1744 ipsorum
1071 1673 1273 1746 Hierosolymam
1280 1673 1447 1726 ascendebant

427 1754 526 1808 codicea
534 1754 722 1824 evangeliorum
740 1753 783 1808 fibi
797 1754 954 1824 pollulabant
964 1752 1079 1806 exhibere
1090 1755 1115 1805 lt
1124 1753 1302 1806 osculabantur
1311 1754 1336 1806 δι
1346 1769 1448 1806 venera·

427 1835 519 1888 bantur
528 1846 630 1905 propter
639 1833 797 1900 munditiam,
807 1851 884 1904 quam
893 1831 1003 1887 Christus
1012 1832 1107 1897 docuit,
1116 1833 1141 1885 br
1150 1832 1256 1886 maxime
1265 1843 1366 1903 propter
1372 1849 1447 1885 evan-

426 1911 519 1982 gelium
540 1914 621 1967 Lucet
636 1911 715 1982 misus
736 1913 769 1983 est
792 1911 894 1982 angelus
918 1911 1025 1966 Gabriel
1049 1911 1123 1982 (Luc
1147 1928 1167 1978 1,
1184 1911 1240 1980 2⁶),
1260 1912 1328 1981 quod
1346 1909 1447 1965 litterati

426 1991 490 2046 inter
504 2009 547 2046 eor
560 1991 639 2061 sepiue
654 1994 806 2063 repetunt&
820 1993 962 2048 retradlant.
982 1993 1036 2046 Lex
1051 2002 1136 2046 autem
1150 2007 1245 2056 eorum,
1257 2009 1333 2060 quam
1345 1989 1448 2044 diabolo

426 2070 537 2125 diblante
557 2071 691 2126 ministerio
712 2072 791 2142 Sergij
812 2071 928 2126 monachi
943 2073 967 2125 dr
983 2071 1096 2141 apostate
1108 2072 1132 2124 dt
1144 2070 1255 2136 heretici,
1268 2071 1448 2125 Machometue

426 2150 554 2205 Samuenia
575 2150 654 2214 dedit,
666 2151 766 2205 arabice
787 2151 912 2221 scriptam,
929 2170 944 2204 a
961 2149 1046 2221 gladio
1064 2150 1138 2221 cepit,
1152 2168 1196 2220 per
1211 2150 1323 2221 gladium
1342 2160 1449 2214 tenetur,

425 2232 451 2284 dt
464 2247 522 2284 cum
535 2230 622 2301 gladio
632 2230 815 2284 terminabitur.
840 2232 1025 2284 Macbonretus
1041 2229 1082 2283 ille
1101 2229 1231 2284 illiteratus
1247 2229 1303 2295 fuit,
1323 2229 1383 2283 ficut
1397 2230 1449 2299 ipse

426 2309 574 2380 protestatur
593 2307 618 2363 in
636 2309 768 2363 Alcarono
786 2311 839 2378 suo,
857 2312 882 2364 δι
902 2328 952 2379 que
964 2311 1152 2378 prenominatus
1166 2310 1288 2363 hereticus
1299 2309 1450 2376 nominavit,

425 2386 539 2454 diblavit,
552 2387 603 2458 ipse
616 2387 797 2459 promulgarit,
809 2391 833 2442 a
847 2405 891 2460 per
902 2388 1110 2442 comminationes
1122 2387 1245 2441 observari
1260 2388 1350 2441 statuit.
1363 2391 1462 2443 Luxu--

426 2467 504 2519 riosur
524 2466 590 2519 enim
605 2465 653 2519 sirit
666 2467 691 2519 be
702 2466 842 2534 bellicosus,
861 2466 970 2536 ideoque
988 2467 1020 2520 de
1033 2465 1196 2520 immundIcia
1208 2468 1233 2520 δι
1244 2466 1354 2520 vanitate
1366 2467 1448 2536 legem

427 2543 519 2611 statuit,
539 2562 616 2616 quam
637 2546 769 2599 carnaliter
780 2545 900 2610 virenter,
921 2547 945 2599 in
958 2558 1029 2616 parte
1042 2547 1177 2616 voluptarie
1194 2545 1296 2599 firmiter
1307 2545 1448 2600 observant„
1495 2567 1498 2577 =

321 2632 343 2677 Ρ·
356 2616 414 2678 ¹2⁶³
426 2626 461 2678 Et
474 2623 535 2678 licut
546 2625 629 2695 legem
642 2625 750 2679 nostram
761 2625 851 2679 veritae
860 2627 885 2679 dr
894 2625 1020 2679 mundicia
1033 2625 1158 2692 muniunt,
1168 2623 1203 2678 ita
1216 2643 1323 2679 errorem
1339 2624 1449 2695 ipsorum

427 2701 503 2756 timor
513 2703 655 2756 mundanus
666 2705 691 2757 dr
704 2704 836 2772 humanus,
857 2721 888 2757 ac
901 2702 1016 2774 voluptas
1028 2703 1133 2758 carnalia
1145 2702 1286 2770 firmillime,
1299 2701 1448 2756 custodiunt.

618 2911 665 2994 87.
687 2912 737 2974 De
750 2913 865 3001 miseria
879 2912 1046 3003 obseffitrttm
1059 2913 1088 2975 in
1102 2913 1254 2978 Damiata.

213 3096 357 3160 Maricae,
369 3098 414 3159 111,
463 3097 562 3148 Interea
574 3095 661 3148 civitae
675 3095 796 3150 Damiata
807 3095 936 3150 obsidione
944 3097 1029 3169 longa,
1041 3097 1116 3164 ferro,
1128 3099 1195 3152 lame
1207 3100 1232 3152 be
1243 3097 1380 3169 pestilentia
1391 3117 1450 3170 gra·

286 3172 351 3221 ¹¹4‘t
429 3173 491 3227 viter
510 3176 534 3228 bt
554 3175 620 3227 oltra
639 3193 715 3244 quam
737 3175 809 3230 scribi
827 3177 908 3244 potell
927 3175 1026 3244 adlibla,
1053 3177 1078 3230 in
1095 3177 1145 3230 sola
1163 3195 1227 3248 pace
1245 3195 1322 3248 quam
1335 3179 1450 3232 soldanus

428 3252 524 3307 civibus
544 3253 655 3324 promisit
674 3255 741 3324 spem
763 3254 853 3325 posuit.
876 3255 1007 3309 Durabilie
1028 3256 1093 3310 enirn
1114 3274 1166 3310 non
1184 3258 1219 3311 ell
1233 3260 1331 3330 Egypti
1350 3275 1450 3312 annona

428 3345 530 3404 propter
549 3332 637 3388 mollee
649 3333 748 3403 glebae,
768 3335 793 3386 in
807 3333 897 3405 quibua
918 3335 1004 3388 crescit
1013 3335 1055 3389 nisi
1068 3335 1178 3407 superius
1190 3337 1257 3390 circa
1268 3349 1351 3406 parter
1364 3339 1451 3409 Baby·

426 3411 491 3466 lodie
503 3413 634 3467 artificiose
648 3413 805 3466 conservetur
817 3414 842 3466 in
856 3430 943 3482 annue,
957 3416 981 3467 dt
995 3414 1055 3468 licut
1066 3415 1216 3481 audirimus,
1227 3417 1360 3470 costarum
1372 3434 1450 3470 unum

427 3511 470 3557 40·
491 3491 601 3548 bisantii·
613 3492 767 3547 vendebatur
782 3491 808 3544 in
823 3509 862 3557 ea,
881 3493 949 3545 &ex
965 3493 1078 3564 angustia
1097 3493 1170 3548 samir
1189 3494 1284 3548 diversa
1304 3497 1449 3550 morborum

428 3589 521 3641 genera
533 3574 658 3626 vexabant
670 3588 723 3635 eor,
740 3571 841 3624 &inter
862 3583 946 3625 cetera
958 3569 1129 3640 incommoda,
1146 3590 1196 3643 que
1213 3573 1376 3628 sustinuerunt
1389 3591 1451 3628 nnc·

429 3652 497 3706 tibur
508 3649 676 3726 velnt'aurifia
690 3649 794 3719 percuffi
813 3650 904 3719 apertia
915 3649 993 3704 oculi·
1006 3651 1040 3704 nil
1054 3652 1137 3706 ridere
1152 3651 1308 3707 dicebantur.
1329 3653 1451 3708 Soldanm

429 3730 463 3784 de
477 3731 520 3785 die
531 3731 556 3784 in
569 3730 636 3784 diem
650 3729 719 3784 rania
729 3729 926 3798 promisfionibua
939 3728 1005 3801 ipsoe
1013 3749 1029 3783 a
1037 3731 1164 3786 deditione
1175 3733 1332 3798 dehortatur,
1350 3734 1452 3805 decepit

430 3810 540 3864 miseroe
554 3807 684 3863 Postremo
695 3819 783 3880 portae
794 3808 850 3861 suae
858 3809 1033 3863 obllrmrerrmt
1044 3810 1197 3877 intrinsecur,
1207 3829 1240 3866 ne
1249 3811 1338 3883 aliquia
1350 3813 1451 3868 verrienr

430 3891 463 3942 ad
475 3907 522 3943 noe
533 3890 566 3942 de
578 3889 628 3942 suia
639 3890 777 3952 nunciaret,
788 3888 857 3957 qnod
870 3887 923 3942 dier
936 3887 1075 3943 affliblionie
1086 3889 1225 3960 possidebat
1236 3908 1288 3945 eor.
1300 3891 1326 3945 si
1336 3891 1379 3962 qui
1391 3909 1451 3947 vero

428 3986 473 4039 per
483 3968 606 4039 posticum
619 3967 659 4021 vel
678 3968 711 4021 de
725 3966 801 4020 metria
821 3985 864 4038 per
875 3967 946 4022 ltine:
957 3968 1064 4023 evadere
1077 3981 1223 4040 potuerunt,
1242 3969 1323 4024 inflati
1335 3972 1359 4024 br
1373 3971 1451 4025 same·

429 4047 470 4102 lici
481 4047 572 4101 civium
587 4047 686 4100 suorum
700 4045 827 4117 augustiae
840 4047 967 4102 evidenter
980 4049 1130 4119 probabant.
1141 4048 1192 4102 Illic
1201 4047 1286 4116 etiam,
1298 4050 1341 4121 qni
1350 4050 1412 4105 soria
1424 4051 1451 4104 in

429 4124 538 4179 exercitu
552 4127 732 4180 Samoenomm
745 4143 791 4178 noe
804 4125 957 4190 obfiderunt‚
968 4125 1042 4196 copia
1053 4127 1124 4197 panio
1137 4128 1161 4180 δι
1173 4128 1259 4198 pabuli
1276 4128 1343 4200 cepit
1354 4129 1451 4182 decres-

428 4221 492 4260 cere.
506 4205 579 4259 Nilus
599 4205 713 4275 quidem,
734 4204 777 4275 qni
798 4205 853 4275 poll
870 4205 959 4258 sellum
973 4205 1056 4259 Santti
1076 4205 1194 4259 lohannir
1209 4208 1318 4277 Baptista
1331 4207 1452 4278 usquead

429 4282 605 4338 exaltationem
626 4284 708 4338 sanae
728 4282 808 4338 crucia
828 4283 906 4338 solum
928 4284 1068 4337 excrescere
1082 4285 1180 4357 Egypti
1200 4285 1326 4356 planitiem
1347 4286 1452 4358 irrigare

428 4363 600 4430 mnsuererat,
621 4363 670 4417 lroc
689 4379 755 4417 anno
772 4379 843 4416 more
862 4363 907 4416 sno
924 4379 974 4416 non
987 4363 1098 4416 ascendit
1109 4365 1142 4418 ad
1155 4364 1260 4435 signum,
1279 4365 1348 4435 qnod
1360 4383 1451 4437 ponere

430 4441 509 4496 solent
528 4442 641 4514 ttgyprij.
664 4442 713 4496 Sed
724 4444 749 4496 bt
761 4452 791 4496 ut
802 4441 960 4496 intelliximus
979 4459 1098 4512 magnam
1110 4455 1208 4514 partem
1220 4455 1285 4497 terre
1297 4444 1385 4498 srcmm
1397 4443 1452 4498 reli·

428 4519 493 4591 quit,
515 4538 565 4591 que
583 4539 629 4576 neo
645 4521 709 4575 arari
730 4539 776 4576 neo
798 4520 912 4576 seminari
928 4532 1029 4592 poterat
1040 4521 1084 4574 suo
1096 4533 1218 4593 tempore.
1241 4522 1317 4577 Unde
1328 4523 1452 4578 Soldanur

428 4599 522 4653 samem
543 4599 633 4655 timent
650 4603 673 4655 bt
687 4599 810 4654 caristiam
828 4604 855 4654 in
866 4617 979 4655 amorem
992 4599 1120 4656 retinende
1131 4601 1259 4668 Damiate,
1275 4601 1351 4656 talem
1362 4620 1451 4673 pacem

429 4695 488 4733 cunr
497 4679 640 4734 Comdino
652 4679 728 4734 sratre
741 4681 785 4733 suo
798 4680 933 4734 christiania
946 4679 1047 4746 obtulit,
1059 4691 1089 4734 ut
1100 4697 1200 4736 murem
1212 4681 1321 4734 sanilam
1333 4698 1383 4751 que
1391 4681 1452 4735 olim

427 4767 504 4834 capta
516 4757 564 4812 suit
580 4758 606 4811 ln
617 4758 720 4812 victoria
732 4759 873 4814 Salalradini
885 4777 943 4814 cum
956 4759 1057 4815 civitate
1069 4760 1161 4828 sanda,
1172 4762 1198 4814 dr
1210 4759 1327 4815 omuibus
1338 4759 1453 4833 captivit,
