4336 6572
587 1039 661 1126 70.
687 1003 903 1099 Alliaricus
931 1007 1068 1098 Trium
1097 1008 1286 1100 Faucium.
1388 1037 1442 1133 93

420 1287 474 1324 ram
486 1268 660 1340 promillionis.
684 1269 789 1323 Tertius
804 1270 949 1324 Melchisais
963 1282 1032 1326 tenet
1045 1272 1187 1339 Gamalam,
1202 1290 1252 1343 que
1264 1273 1298 1326 ell
1310 1271 1373 1326 inter
1387 1274 1449 1328 Tri·

420 1350 499 1421 polim
516 1351 541 1402 dt
556 1348 702 1402 Laodiciam
726 1351 751 1402 dt
770 1350 946 1403 Antiochiam.
973 1353 1083 1411 Quartus
1108 1351 1291 1407 Melcamoden
1309 1364 1376 1406 tenet
1394 1357 1450 1408 Ha-

421 1447 479 1484 man
491 1429 515 1481 dt
527 1440 605 1481 terras
618 1428 701 1482 versus
722 1430 944 1499 Mesopotamiam.
959 1430 1067 1490 Quintus
1082 1431 1281 1484 Melcltisenesasi
1295 1444 1362 1485 tenet
1376 1436 1450 1500 Saco,

421 1511 465 1562 ubi
478 1507 543 1562 Cain
556 1507 649 1560 occidit
663 1507 774 1573 Abel&
785 1509 913 1561 ciuitatem
928 1527 979 1578 que
991 1509 1082 1562 dicitur
1096 1510 1218 1563 Malbers.
1235 1513 1324 1564 Sextus
1340 1511 1450 1565 Melchi-

422 1606 486 1642 noor
497 1599 568 1642 tenet
580 1587 702 1656 quasdam
717 1588 858 1658 provincias
875 1590 899 1641 in
916 1607 995 1658 regno
1008 1590 1040 1642 de
1053 1588 1175 1654 Baldach‚
1194 1590 1237 1643 ubi
1255 1591 1289 1643 est
1301 1590 1450 1660 apostolicus

421 1683 517 1723 eorum.
541 1666 668 1736 Septimus
683 1667 782 1719 Balafas
804 1667 931 1721 sineterra
951 1669 1048 1721 serebat
1065 1669 1180 1722 vexilium
1197 1670 1319 1739 patric&
1342 1671 1446 1739 quilibet

422 1747 527 1800 fratrum
540 1745 639 1798 suorum
657 1746 773 1800 mittebat
791 1749 813 1800 ei
830 1765 984 1818 perannum
1001 1767 1078 1800 unum
1092 1765 1183 1819 equum
1203 1749 1329 1820 optimum
1344 1750 1367 1801 a
1384 1769 1450 1804 1000

423 1825 551 1880 bisantios.
566 1827 608 1878 De
620 1824 672 1877 aliis
686 1826 745 1879 orto
757 1827 847 1880 dicitur
859 1829 927 1897 quod
944 1829 996 1880 duo
1015 1828 1154 1880 cusiodiunt
1172 1846 1229 1880 cum
1249 1828 1360 1898 quinque
1378 1829 1452 1882 cluis-

422 1905 496 1959 tianis
509 1903 576 1976 Syris
590 1905 746 1975 sepulchrum
761 1907 876 1972 Domini,
889 1909 912 1960 δι
926 1906 992 1959 valet
1004 1907 1037 1960 eie
1052 1925 1203 1978 perannum
1223 1928 1309 1962 aoooo
1321 1907 1447 1975 bisantios,

423 1997 533 2056 quatuor
550 1995 636 2037 tenent
647 1985 770 2038 tributum
791 2003 856 2056 aque
877 1988 909 2039 de
927 1985 1020 2054 Siralis,
1041 2004 1090 2057 que
1104 1999 1172 2040 rorat
1187 1987 1259 2039 semel
1280 1990 1413 2057 Egyptum
1426 1989 1451 2041 in

425 2063 503 2135 aprili,
520 2065 545 2126 u
564 2065 630 2118 valet
648 2067 748 2119 cuilibet
769 2084 852 2120 ιοοοο
874 2066 1000 2132 bisantios,
1018 2065 1058 2133 alij
1078 2067 1129 2118 duo
1145 2077 1230 2118 tenent
1246 2065 1402 2119 offerendam
1419 2069 1450 2119 ad

425 2143 582 2214 sepulchrum
596 2146 739 2198 Mahumeti
747 2147 814 2214 apud
826 2148 955 2211 Meccam,
965 2146 1061 2198 &valet
1073 2146 1106 2198 eis
1116 2162 1158 2214 per
1168 2163 1260 2196 annum
1271 2164 1355 2210 3oooo
1367 2146 1452 2199 bizan-

334 2241 356 2288 t·
367 2237 413 2286 9⁰7
425 2228 572 2283 desiisse
585 2230 634 2283 istis
647 2230 783 2302 hueusque·
808 2220 1065 2304 Archiepiscopus
1080 2219 1236 2284 Remeusts
1252 2220 1405 2300 Albricus‚
1420 2224 1451 2284 in

425 2309 607 2370 revertendo
622 2308 660 2371 de
674 2309 876 2372 transmarinis
891 2310 1026 2391 partibus
1042 2309 1121 2391 apud
1137 2307 1261 2391 Papiam
1277 2309 1408 2372 moritur
1422 2308 1452 2372 δι

426 2394 457 2456 in
482 2391 608 2456 ecclefia
628 2397 706 2459 beati
721 2396 881 2480 Augustini
898 2396 1048 2480 sepelitur.

464 2482 558 2564 Apud
581 2484 694 2546 Arcam
711 2486 839 2548 moritur
859 2485 1017 2567 episcopus
1038 2479 1267 2548 Lemovicenlis
1288 2482 1449 2560 lohannes,

424 2570 477 2653 qui
493 2571 646 2652 prelirerat
659 2573 746 2635 annis
760 2571 927 2655 plusquam.

464 2658 515 2720 De
530 2657 555 2721 F
557 2659 705 2723 risonibus
720 2676 832 2738 autem,
846 2661 884 2723 de
902 2661 1011 2742 quibus
1027 2661 1057 2721 in
1072 2662 1213 2742 superiori
1230 2662 1338 2744 pagina
1353 2663 1452 2724 couti·

423 2761 523 2825 netur,
541 2748 571 2808 in
595 2749 737 2829 captione
760 2751 847 2811 turris
870 2765 939 2811 aute
964 2747 1139 2810 Damietam
1159 2769 1229 2810 cum
1252 2748 1339 2812 multi
1364 2771 1452 2832 repa·

424 2832 566 2912 trialleut,
580 2835 690 2898 eodem
712 2836 812 2898 meuse
837 2837 885 2899 vel
907 2838 1014 2898 eadem
1036 2836 1215 2914 ebdomada,
1240 2857 1301 2917 qua
1325 2837 1452 2900 domum

424 2920 530 2984 reversl
545 2922 621 3002 sunt,
634 2925 750 3006 impetu
772 2927 863 2988 maris
878 2923 1063 3002 inundantis,
1084 2922 1158 2986 sicut
1180 2923 1335 2986 Dominus
1356 2927 1455 3007 previ-

422 3007 517 3088 derat,
530 3011 643 3073 mortui
659 3013 733 3075 sunt.
748 3011 905 3096 Siquidem
919 3011 979 3073 hoc
994 3032 1074 3073 anno
1091 3011 1268 3093 inpartibus
1283 3009 1309 3072 F
1310 3009 1377 3074 rifle
1392 3028 1454 3075 ter·

423 3097 522 3160 minos
542 3096 609 3161 suos
630 3119 711 3161 mare
734 3100 902 3183 egrediens,
926 3098 1088 3161 multarum
1111 3100 1340 3182 provinciarum
1362 3115 1454 3162 terras

423 3187 596 3268 occupavit,
619 3185 706 3249 villas
726 3189 849 3266 delevit,
873 3186 1010 3250 ecclesias
1038 3187 1170 3268 lapideas
1195 3186 1317 3266 deiecit,
1339 3203 1454 3250 tantam

422 3274 583 3336 hominum
598 3276 777 3358 extinguens
792 3275 1029 3354 multitudinem,
1043 3290 1077 3336 ut
1090 3273 1206 3335 summa
1229 3291 1344 3337 100000
1364 3274 1454 3338 trans·

423 3363 577 3426 canderet.
596 3359 644 3427 lta
657 3362 780 3426 exaltati
795 3363 861 3425 sunt
875 3362 984 3426 uiuus
999 3363 1075 3441 eius,
1089 3378 1123 3424 ut
1137 3363 1264 3425 turrium
1279 3361 1454 3424 altitudines

423 3450 540 3532 operire
555 3450 782 3530 viderentur,&
797 3451 930 3533 procella
949 3450 1116 3534 procellam
1139 3449 1300 3532 impellens
1315 3450 1454 3532 generale

423 3537 572 3600 diluvium
588 3541 672 3602 terris
686 3541 861 3619 minaretur,
876 3540 906 3602 δι
920 3538 994 3602 ficut
1008 3539 1124 3602 dietum
1139 3537 1182 3600 est
1199 3538 1299 3600 abbati
1322 3539 1361 3600 de
1375 3537 1453 3600 valle

424 3623 516 3688 saneti
540 3626 631 3709 Petri,
662 3651 733 3692 cum
757 3629 867 3692 eodem
895 3649 975 3690 anno
1004 3622 1180 3689 visitationis
1208 3628 1304 3708 gratia
1328 3621 1452 3688 Frisiam

424 3712 567 3795 intrasset,
585 3721 668 3798 quod
683 3716 793 3780 lludius
808 3718 899 3779 etiam
915 3717 1047 3778 liuentes
1059 3714 1154 3799 usque
1166 3714 1332 3779 Coloniam
1346 3735 1454 3796 perve-

425 3801 542 3884 uilleut,
555 3804 576 3867 st
590 3827 652 3867 non
669 3807 703 3885 is,
717 3806 770 3889 qui
786 3827 838 3868 eos
853 3805 1047 3882 excitaverat,
1066 3804 1227 3886 genetricis
1247 3803 1297 3864 sue
1312 3803 1453 3883 precibus

425 3890 663 3974 compescuisset.

337 3993 413 4059 ppos
466 3977 704 4062 Expeditionem
718 3998 819 4044 autem
835 3977 1109 4062 crucesignatorum
1132 3981 1168 4040 ad
1192 3995 1292 4061 partes
1309 3977 1453 4040 transma-
1469 3993 1526 4043 ηις

427 4069 507 4132 rinas
527 4071 741 4133 conduxerunt
764 4071 825 4132 hoc
848 4090 929 4132 anno
950 4068 1193 4150 archiepiscopus
1215 4063 1454 4130 Mediolanensrs

426 4157 578 4220 Henricus
593 4157 622 4221 δι
637 4157 805 4224 Galtherus
821 4157 980 4241 episcopus
995 4155 1152 4236 Edueulis‚
1168 4154 1275 4218 Petrus
1288 4150 1455 4217 Parisiensts

425 4245 583 4330 episcopus
610 4267 681 4309 cum
703 4247 794 4308 fratre
816 4245 868 4308 suo
890 4243 1043 4310 Galthero
1068 4244 1147 4326 regis
1168 4243 1345 4320 camerario,
1370 4241 1454 4305 Milo

425 4331 615 4397 Belvacensrs
630 4333 745 4398 elesius
759 4355 831 4397 curn
847 4335 972 4396 Andrea
995 4331 1086 4395 fratre
1101 4332 1162 4410 suo,
1176 4330 1328 4394 Herveius
1350 4351 1454 4393 comes

425 4418 633 4501 Niverueusrs,
653 4422 747 4505 Hugo
769 4421 889 4485 Brunus
911 4423 948 4483 de
970 4419 1102 4483 Marcha
1116 4417 1250 4482 Pidiavie
1265 4439 1369 4482 comes
1383 4439 1454 4481 cum

425 4510 561 4573 Herveio
576 4511 614 4571 de
629 4511 783 4588 Vemoue,
797 4531 902 4572 comes
918 4508 1001 4572 Milo
1016 4510 1054 4570 de
1069 4506 1166 4570 Barro
1181 4506 1270 4589 super
1284 4506 1455 4589 Sequanam

424 4619 496 4662 cum
504 4597 629 4661 filiosuo
644 4597 796 4664 Galthero
807 4597 836 4660 δι
847 4619 919 4660 cum
933 4595 1070 4659 Iohanne
1085 4595 1122 4658 de
1135 4595 1253 4673 Arceis,
1259 4593 1381 4656 filiastro
1394 4593 1456 4673 suo,

425 4688 566 4749 Andreas
580 4688 619 4749 de
633 4686 777 4770 Effipiffia
790 4708 828 4749 ex
843 4701 928 4769 parte
950 4684 1074 4750 Odonis
1096 4685 1182 4746 ducis
1205 4681 1379 4764 Burgundie
1404 4679 1456 4742 de-

424 4774 532 4854 sueti,
546 4772 655 4839 Guido
670 4774 707 4839 de
721 4773 821 4852 Tilio‚
836 4771 963 4836 Pontius
979 4771 1017 4834 de
1033 4770 1203 4849 Granceio,
1218 4788 1322 4832 comes
1337 4766 1455 4831 Renol-

426 4864 482 4930 dua
496 4864 534 4928 de
549 4862 654 4930 cestra
668 4865 698 4926 in
714 4864 829 4948 Anglia
841 4883 913 4926 cum
927 4861 1078 4928 Sawarico
1090 4860 1128 4923 de
1146 4858 1320 4934 Malleone3
1335 4858 1457 4920 suenint
1547 4895 1548 4898 =
