4336 6572
794 929 854 1042 84
906 1053 914 1060 .
972 929 1216 1056 ‘Testimonia
1238 929 1279 1020 in
1305 925 1445 1020 Gallia
1454 929 1636 1056 scripta.

792 1189 917 1242 Dominus
936 1189 977 1243 illa
989 1192 1031 1244 die
1044 1191 1077 1244 de
1086 1191 1200 1245 manibus
1209 1191 1365 1245 inimicorum
1378 1191 1457 1246 crucis
1466 1192 1564 1262 eripuit,
1575 1191 1633 1262 igne
1642 1201 1726 1244 tamen
1739 1209 1816 1261 greco

793 1269 844 1322 sere
855 1271 998 1324 combustus
1009 1270 1066 1336 ¹sirit.
1090 1271 1184 1324 Militia
1197 1283 1282 1325 autem
1294 1272 1408 1342 Templi,
1424 1290 1474 1341 que
1484 1271 1566 1342 prima
1577 1272 1625 1324 tuit
1637 1271 1662 1324 in
1676 1271 1815 1340 congressu,

793 1348 880 1401 ultima
892 1348 940 1402 fuit
950 1349 976 1402 in
988 1349 1104 1420 regressu.
1123 1351 1162 1404 Sic
1174 1351 1313 1404 nostrorum
1326 1351 1465 1421 superbiam
1481 1352 1607 1404 Dominus
1621 1350 1744 1420 oppresl'rt.

829 1429 954 1495 Pretsrea,
974 1431 1060 1483 nostris
1078 1430 1162 1484 invitis
1185 1432 1210 1483 dt
1228 1430 1412 1500 ignorantibus,
1433 1431 1586 1501 quandoque
1607 1449 1637 1484 ex
1658 1442 1727 1500 parte
1744 1440 1817 1496 terre,
1829 1446 1903 1493 1200b1
1915 1447 1973 1494 vta,

794 1507 946 1578 quandoque
967 1510 1011 1562 sub
1032 1510 1104 1581 aquis
1127 1528 1170 1579 per
1190 1510 1302 1575 fluvium,
1323 1510 1396 1563 multi
1416 1509 1545 1564 civitatem
1566 1509 1745 1579 ingredientes,
1765 1527 1816 1563 non
1829 1517 1868 1579 Ep.
1879 1531 1911 1577 rr,
1922 1535 1943 1580 p.
1956 1519 2000 1579 306

795 1585 922 1639 modicum
936 1589 973 1641 his
988 1590 1030 1659 qui
1042 1590 1067 1642 in
1080 1589 1181 1643 civitate
1191 1601 1263 1642 erant
1275 1589 1437 1642 conferebant
1450 1589 1571 1641 solatium.
1588 1590 1671 1642 Nostri
1684 1607 1752 1657 vero,
1764 1601 1817 1642 rete

795 1683 915 1736 magnum
936 1686 967 1720 ex
983 1668 1120 1723 transverso
1138 1669 1246 1723 fluminis
1263 1669 1447 1738 protendentes,
1471 1669 1530 1721 facti
1545 1669 1680 1737 piscatores
1695 1669 1818 1723 domim

796 1744 959 1814 (Matth.1v,
983 1749 1039 1818 19),
1058 1750 1211 1802 transeuntes
1227 1751 1374 1801 Sarracenos
1388 1751 1528 1818 capiebant.
1549 1751 1604 1800 Iam
1616 1765 1685 1814 vero,
1698 1749 1817 1801 omnibus
1830 1773 1851 1816 p.
1863 1753 1907 1801 288

795 1824 846 1878 sere
855 1827 992 1893 attentatis,
1006 1827 1065 1897 quid
1078 1828 1183 1898 amplius
1193 1827 1266 1882 nostri
1277 1826 1396 1893 facerent,
1407 1828 1431 1880 ai
1441 1827 1587 1896 excogitare
1599 1828 1729 1894 valebant;
1742 1828 1817 1897 longe

796 1903 861 1956 enirn
870 1904 1110 1960 fortioreratcivitas
1119 1918 1180 1960 tunc
1188 1924 1264 1976 quam
1277 1907 1302 1958 in
1313 1906 1435 1976 principio
1444 1905 1587 1959 obsidionis.
1598 1906 1724 1959 Dominus
1733 1919 1817 1960 autern

796 1983 927 2037 victoriam
940 1984 983 2037 fibi
1000 1986 1043 2038 soli
1057 1986 1207 2052 reservabat,
1225 1985 1340 2039 meritum
1361 1997 1445 2038 autem
1466 1985 1605 2038 nostrorum
1624 1985 1751 2038 laboribus
1768 2002 1817 2038 non

795 2065 913 2132 negabat.

831 2139 980 2196 Nostrorum
1001 2155 1086 2198 autem
1106 2145 1243 2198 exercitum
1263 2145 1329 2198 circa
1342 2147 1487 2197 Damietam
1503 2145 1528 2196 in
1540 2143 1700 2197 tribulatione
1712 2143 1818 2212 posrtum
1831 2158 1902 2217 oliv,
1912 2175 1933 2219 p.
1947 2169 2003 2217 ¹4¹3

796 2222 852 2292 poll
868 2222 1033 2276 miserabilem
1053 2223 1172 2276 iailuram
1192 2241 1268 2293 quam
1289 2225 1315 2276 in
1334 2223 1374 2277 die
1393 2223 1574 2277 Decollationis
1595 2223 1669 2276 santii
1690 2223 1820 2276 Iohannis-

797 2301 908 2370 Baptiste
920 2314 1075 2372 receperant,
1090 2304 1225 2370 Dominus,
1236 2304 1279 2372 qui
1291 2320 1342 2355 non
1355 2302 1506 2356 obliviscitur
1520 2303 1636 2369 misereri,
1650 2320 1696 2356 nee
1708 2303 1819 2356 continet

797 2380 870 2432 inira
879 2380 1055 2434 misericordias
1068 2383 1133 2448 suas,
1144 2384 1187 2452 qui
1197 2383 1272 2435 etiam
1284 2383 1311 2435 in
1320 2382 1482 2435 tribulatione
1490 2395 1594 2450 peccata
1606 2381 1718 2447 dimittit,
1731 2382 1821 2451 digna·

797 2471 837 2510 tus
858 2458 892 2511 esi
913 2459 1044 2525 consolari,
1063 2461 1157 2514 luuum
1171 2479 1256 2514 eorum
1276 2473 1422 2514 convertens
1435 2461 1459 2514 in
1472 2462 1602 2530 gaudium,
1620 2463 1644 2514 δι
1661 2477 1783 2514 merorem
1795 2460 1820 2512 in
1924 2513 1929 2520 ,

797 2537 909 2590 letitiam.
929 2540 995 2591 Nam
1014 2556 1072 2593 cum
1085 2540 1176 2611 pluries
1193 2558 1236 2592 eos
1252 2538 1434 2610 impugnaffent
1449 2541 1577 2594 Sarraceni
1591 2541 1615 2593 dr
1630 2539 1688 2593 nihil
1705 2539 1821 2610 profecis-

798 2617 860 2684 sent,
883 2616 917 2668 ad
933 2616 1002 2670 solita
1021 2618 1062 2672 sue
1078 2620 1205 2687 pravitatis
1218 2638 1288 2672 arma
1301 2631 1462 2686 recurrentes,
1484 2620 1566 2674 verbis
1578 2621 1641 2672 fictis
1654 2621 1679 2672 dt
1692 2619 1820 2672 fallacibus

798 2694 892 2747 nostros
916 2695 1030 2766 decipere
1050 2708 1217 2752 tentaverunt.
1241 2701 1308 2752 Nam
1332 2697 1454 2751 Soldanus
1474 2699 1623 2769 Babylonis,
1648 2700 1684 2750 ob
1708 2713 1820 2750 amorem
1834 2711 2009 2772 oliv,‚p,1414

798 2773 917 2827 Damlete
925 2774 1060 2841 retinende‚
1073 2776 1138 2830 hanc
1150 2777 1256 2848 sormam
1267 2778 1335 2847 pacis
1346 2778 1432 2830 noslris
1446 2779 1547 2843 obtulit,
1559 2791 1587 2830 ut
1599 2795 1698 2830 crucem
1711 2777 1820 2830 sanciam

799 2869 856 2905 cum
869 2852 1005 2906 civitate&
1018 2855 1134 2909 omnibus
1154 2857 1258 2926 captivis
1280 2857 1323 2926 qui
1340 2875 1383 2926 per
1396 2874 1501 2925 regnum
1515 2857 1654 2927 Babylonis
1666 2857 1691 2908 δι
1703 2855 1821 2908 Damasci

799 2929 896 3002 poffent
916 2933 964 2985 vivi
984 2933 1092 3004 reperiri,
1115 2936 1225 3005 sumptus
1245 2937 1320 2989 etiam
1342 2936 1375 2988 ad
1395 2937 1546 3006 reparandos
1567 2953 1652 2988 muros
1668 2934 1821 2988 Hierusalem

799 3011 923 3076 redderet,
945 3013 968 3064 δι
989 3030 1094 3082 regnum
1114 3015 1268 3068 Hierusalem
1287 3015 1396 3068 totaliter
1420 3015 1556 3068 restitueret
1575 3028 1656 3085 preter
1676 3015 1786 3067 Cracum
1798 3017 1823 3067 δι

801 3090 922 3143 Montem
935 3092 1055 3160 regalem,
1065 3111 1115 3163 que
1127 3095 1182 3147 sunt
1194 3095 1246 3147 duo
1258 3095 1336 3146 casira
1350 3093 1444 3146 civitati
1459 3093 1614 3146 Hierusalem
1627 3092 1718 3158 vicina,
1729 3093 1823 3163 septem

800 3169 951 3223 munitiones
970 3169 1116 3224 firmissimas
1135 3174 1261 3238 habentia,
1282 3191 1324 3243 per
1346 3190 1395 3242 que
1407 3173 1581 3242 negociatores
1594 3176 1785 3225 sarracenorum
1798 3173 1823 3224 dt

800 3248 925 3319 peregrini
939 3249 1047 3319 ipsorum
1056 3251 1176 3304 Mecham
1189 3252 1319 3306 tendentes
1332 3253 1370 3304 vel
1381 3255 1413 3304 ab
1426 3270 1455 3304 ea
1464 3264 1616 3306 revertentes
1629 3252 1729 3305 transrre
1738 3252 1824 3305 solent.

801 3333 875 3382 Hanc
889 3329 1095 3399 composrtionem
1110 3348 1168 3384 curu
1182 3332 1285 3401 quidam
1295 3343 1463 3402 acceptarent,
1478 3333 1502 3384 ds
1515 3332 1556 3399 alij
1572 3344 1713 3398 renuerent,
1725 3331 1823 3400 legatus

801 3427 858 3462 cum
880 3408 1028 3479 patriarcha,
1050 3411 1248 3481 archiepiscopis,
1269 3411 1388 3482 episcopis
1406 3413 1430 3464 a
1450 3410 1566 3464 omnibus
1586 3411 1659 3462 italie
1679 3411 1824 3479 capitaneis,

801 3488 859 3541 huic
871 3487 987 3540 tractatui
1001 3489 1025 3540 se
1037 3490 1160 3559 opposuit,
1176 3490 1354 3544 rationabiliter
1365 3490 1496 3542 ostendens
1510 3503 1569 3542 ante
1582 3488 1667 3542 omnia
1679 3487 1824 3542 Damietam

801 3568 856 3621 fore
875 3567 1035 3636 capiendam,
1055 3586 1155 3622 crucem
1173 3588 1232 3622 vero
1249 3571 1357 3623 santiam
1375 3569 1443 3622 nullo
1458 3569 1535 3621 modo
1548 3587 1590 3621 eos
1603 3569 1677 3620 nostri
1689 3569 1825 3622 credebant

801 3648 903 3714 babere,
915 3664 972 3700 cum
987 3647 1119 3701 Saladinus
1131 3651 1154 3702 δι
1167 3648 1208 3717 alij
1222 3649 1360 3714 sarraceni,
1375 3660 1520 3718 recuperata
1532 3664 1546 3699 a
1561 3648 1648 3700 noslria
1660 3649 1753 3701 Accon
1765 3647 1825 3701 civi-

803 3739 864 3794 tate,
885 3724 1024 3796 quesrilient
1041 3745 1096 3782 eam
1108 3726 1296 3797 diligentiisrme,
1318 3738 1345 3779 ut
1360 3725 1474 3796 captivos
1495 3727 1552 3778 suos
1572 3726 1715 3793 liberarent,
1736 3730 1761 3780 ἃ
1775 3743 1826 3780 non

802 3820 938 3878 potuerunt
950 3808 1068 3862 invenire.
1936 3803 1937 3806 ’

838 3889 929 3943 lddens
945 3887 1022 3958 igitur
1046 3889 1168 3941 Soldanus
1188 3888 1214 3940 in
1236 3888 1327 3957 laqueo
1347 3905 1423 3956 quem
1439 3881 1527 3939 noliris
1540 3884 1646 3938 tetendit
1661 3885 1685 3937 se
1697 3901 1746 3937 non
1759 3883 1827 3954 polle

803 3969 932 4041 prolicere,
945 3985 1026 4022 novos
1038 3968 1064 4021 in
1077 3968 1177 4021 ciuitate
1189 3967 1303 4020 clancqu
1316 3966 1379 4019 misrt
1391 3978 1554 4036 pugnatores,
1568 3983 1597 4018 err
1613 3964 1704 4035 quibus
1717 3963 1827 4016 nonnulli

741 4105 743 4108 ,
804 4049 919 4102 anosm
936 4046 1003 4118 capti
1020 4049 1075 4100 sunt
1091 4049 1115 4100 δι
1131 4046 1211 4100 occist.
1234 4047 1353 4100 Proxima
1369 4045 1444 4115 igitur
1461 4045 1568 4098 secunda
1592 4043 1654 4096 feria
1667 4043 1722 4112 post
1737 4043 1826 4095 lelium
1840 4052 2014 4114 oliv.,p,1415

705 4149 765 4194 Noa,
776 4161 793 4206 4
804 4129 917 4182 omnium
935 4128 1095 4196 Sanilorum,
1117 4126 1149 4180 de
1168 4126 1268 4179 confilio
1281 4125 1383 4195 Spiritus
1396 4125 1513 4178 Santti&
1528 4123 1628 4176 solertia
1639 4122 1724 4190 legati,
1745 4121 1827 4174 media

804 4210 879 4262 noste
894 4209 928 4260 ad
946 4208 1082 4278 quamdam
1096 4218 1196 4275 portam
1215 4205 1321 4259 civitatis
1341 4204 1402 4256 missu
1415 4205 1470 4256 sunt
1483 4204 1527 4256 viri
1544 4201 1641 4268 strenui,
1664 4212 1692 4253 ut
1707 4202 1740 4254 de
1757 4201 1828 4270 gestu

804 4288 953 4342 inclusorum
972 4287 1140 4357 explorarent,·
1161 4287 1185 4338 δι
1207 4302 1265 4338 curu
1286 4284 1412 4338 neminem
1429 4283 1529 4353 vigilem
1553 4279 1735 4351 comperissent,
1756 4281 1827 4333 scalis

805 4368 922 4440 appofitis
935 4383 1021 4420 muros
1033 4366 1203 4431 ascendentes,
1216 4376 1300 4435 portas
1313 4365 1505 4429 succenderunt,
1518 4363 1610 4432 &quia
1623 4377 1717 4430 paucos
1730 4359 1828 4414 invene-

805 4459 863 4501 runt
876 4447 1019 4513 resilientes,
1030 4445 1131 4517 impune
1141 4446 1267 4500 civitatem
1280 4454 1474 4514 occupaverunt.
1488 4443 1527 4495 Sic
1536 4441 1671 4504 Dominus,
1684 4439 1828 4494 miraculose

806 4528 893 4582 nostris
905 4528 1006 4581 tradens
1026 4527 1164 4593 civitatem,
1187 4526 1293 4596 gloriam
1312 4525 1382 4577 suam
1401 4523 1472 4582 alteri
1493 4539 1544 4574 non
1556 4521 1641 4586 dedit,
1664 4521 1786 4589 quosdam
1798 4539 1829 4574 ex

807 4609 894 4662 nolitis
906 4607 949 4678 qui
962 4607 1088 4678 propriam
1101 4606 1207 4677 gloriam
1220 4607 1368 4675 querebant,
1384 4607 1409 4657 δι
1420 4603 1479 4658 ideo
1491 4602 1643 4657 contensiose
1654 4602 1719 4654 inter
1731 4601 1755 4653 se
1769 4616 1830 4670 age-

808 4690 870 4742 bant
879 4688 949 4757 super
961 4687 1040 4757 spolris
1054 4692 1080 4745 dt
1092 4686 1282 4757 participatione
1294 4683 1411 4751 ciuitatis,
1421 4684 1470 4737 hac
1480 4682 1560 4754 gloria
1574 4699 1645 4735 more
1658 4682 1701 4734 suo
1715 4678 1827 4750 privavit.
