4168 6502
528 934 621 1058 169.
660 935 887 1041 Chronicon
905 932 1199 1028 Placentinum.
1283 967 1365 1058 243

351 1190 459 1246 bitenter
467 1203 593 1260 putamus,
605 1190 711 1261 qualiter
719 1209 781 1261 gent
790 1192 950 1246 transmarina
958 1211 1004 1264 pro
1012 1193 1152 1247 animarum
1160 1212 1246 1248 eorum
1257 1196 1371 1268 redemp-
1385 1200 1443 1248 1218

350 1270 418 1324 tione
431 1287 476 1340 pro
488 1271 571 1322 Terra
582 1272 670 1323 Sansia
680 1271 839 1324 rdtramarina
851 1290 866 1324 a
879 1273 993 1325 monibus
1006 1274 1095 1327 Sansie
1109 1275 1198 1328 Crucis
1211 1273 1370 1329 inimicorum

349 1350 454 1403 liberare
474 1349 607 1403 defendere
626 1366 656 1402 ac
669 1367 743 1402 manu
757 1363 849 1416 tenere,
870 1352 954 1404 multis
975 1353 1088 1422 periculis
1101 1353 1221 1422 variisque
1242 1353 1371 1407 laboribus

350 1439 405 1490 sunt
418 1436 507 1489 asiridli
521 1437 706 1507 plurimumque
718 1437 829 1510 fatigati.
845 1428 988 1512 Cumque
1000 1429 1030 1490 ln
1043 1427 1188 1511 presentia
1199 1430 1310 1492 horum
1319 1453 1371 1496 rex

349 1512 616 1594 ierosolimitanus,
630 1515 676 1577 vir
686 1513 834 1598 egregius,
849 1536 956 1598 magne
967 1515 1035 1578 fidei
1048 1517 1077 1579 bt
1088 1516 1285 1599 discretionis,
1300 1540 1371 1602 pro-

350 1603 437 1665 vidus
461 1601 490 1664 de
515 1600 667 1682 discretus,
691 1620 781 1685 atque
806 1604 888 1667 urbis
911 1603 1051 1666 Romane
1075 1605 1235 1668 cardinalis
1260 1605 1371 1670 eximie

348 1689 515 1754 nobilitatis
526 1691 555 1753 dt
566 1690 734 1774 prudentie,
748 1712 819 1752 cum
829 1691 895 1754 aliis
906 1693 976 1756 viris
990 1692 1143 1756 nobilibus
1154 1693 1185 1756 dc
1196 1694 1370 1775 potentibus

349 1795 440 1860 atque
450 1800 521 1841 curn
533 1781 616 1842 omni
628 1781 764 1843 exercitu
775 1780 1016 1860 christianorum,
1030 1781 1081 1863 qui
1093 1783 1124 1843 in
1135 1781 1248 1843 auxilio
1261 1781 1370 1844 Sansle

348 1865 446 1928 Terre
461 1867 712 1950 proficiscebatur,
733 1869 764 1930 in
778 1867 934 1930 obsidione
950 1866 1092 1930 Damiate
1115 1891 1168 1951 per
1183 1869 1258 1932 duos
1274 1890 1369 1932 annos

348 1952 519 2037 &quatuor
531 1955 645 2022 menses
655 1953 806 2034 stetissent,
821 1954 933 2018 auxilio
945 1955 1065 2018 Domni
1077 1957 1167 2019 nostri
1179 1953 1245 2019 Iesu
1256 1957 1368 2021 Christi
1405 1989 1410 2000 ·

349 2042 380 2104 in
392 2042 548 2106 millesimo
563 2043 766 2107 ducentesimo
779 2043 899 2106 decimo
914 2065 997 2104 nono
1012 2042 1160 2106 demenso
1176 2039 1368 2106 Novembrio
1383 2076 1441 2124 1219

348 2130 380 2192 in
401 2129 474 2192 sesto
488 2131 566 2194 beati
582 2130 736 2194 Leonardi
758 2131 871 2193 dietam
884 2131 1039 2194 civitatem
1052 2147 1209 2214 ceperunt,
1233 2130 1262 2193 dt
1276 2130 1368 2214 ipsam
1380 2139 1440 2185 Nor·
1452 2150 1465 2199 5

348 2217 515 2281 &centum
527 2218 668 2280 homiues
683 2217 734 2299 qui
749 2218 780 2279 in
795 2239 830 2279 ea
844 2220 968 2280 aderant
981 2218 1113 2296 civitate,
1133 2239 1205 2280 cum
1224 2218 1366 2282 omnibus

348 2303 467 2368 diviciis
480 2305 511 2368 de
524 2306 613 2369 rebus
627 2305 804 2368 habuerunt.

536 2547 610 2618 170.
636 2526 827 2595 R1cARuus
846 2542 896 2594 uu
920 2525 950 2595 S.
972 2525 1184 2616 Genuum,

679 2693 848 2762 chronicon
868 2703 916 2772 (-
934 2707 1023 2770 ¹243)-

618 2865 712 2936 [Pertz,
726 2866 792 2918 Mon.
807 2868 933 2931 German,
946 2868 995 2930 SS..
1008 2865 1092 2936 XIX]

846 2987 866 3029 st

254 3158 275 3202 p.
288 3155 332 3203 339
385 3116 457 3180 Hoc
481 3136 561 3180 arruo
584 3115 698 3178 navalis
719 3114 879 3179 Frisonum
899 3117 1047 3180 exercitus
1067 3115 1210 3181 Gaietam
1231 3117 1366 3197 veniens,
1381 3137 1439 3184 1218

345 3203 589 3286 Hierosolymam
602 3205 685 3268 vadit
699 3205 730 3268 in
745 3201 905 3267 subsrdium
918 3205 1020 3268 Terre
1034 3205 1150 3267 sanese.
1175 3201 1365 3267 Iarrucnsrum

345 3312 479 3376 quoque,
494 3291 659 3368 venetum,
680 3289 865 3372 Pisanorum,
885 3290 1059 3355 &aliorum
1073 3291 1111 3354 de
1125 3289 1245 3356 diversus
1260 3294 1365 3356 mundi

346 3379 478 3464 partibus
499 3376 683 3462 signatorum
702 3380 782 3461 apud
801 3381 911 3444 Accon
932 3379 1096 3444 multitudo
1118 3378 1271 3442 convenit.
1297 3377 1364 3466 Qui

344 3487 415 3528 cum
438 3488 519 3552 rege,
542 3469 711 3550 patriarcha
731 3467 1019 3551 Hierosolymitano,
1045 3467 1192 3551 magistris
1215 3468 1364 3530 domuum

344 3554 518 3638 Hospitalis,
541 3554 698 3639 &templi
723 3553 882 3618 confilium
907 3557 1055 3634 ineuntes,
1078 3577 1149 3616 cum
1176 3553 1364 3618 Hierusalem

344 3659 466 3725 propter
488 3664 638 3726 aquarum
665 3643 817 3707 defectum
846 3646 1010 3705 commode
1037 3644 1119 3707 adire
1146 3665 1209 3705 non
1239 3640 1364 3724 pollent,

343 3730 443 3794 versus
458 3729 633 3794 Damiatam
644 3731 877 3794 sarracenorum
892 3733 1045 3794 civitatem
1060 3731 1206 3810 nobilem,
1220 3731 1249 3794 δι
1262 3731 1363 3793 muni-

344 3834 406 3882 tam
420 3818 536 3881 suarum
549 3819 673 3882 navium
691 3818 809 3882 carbasa
827 3820 1009 3898 direxerunt,
1032 3842 1095 3902 quo
1111 3817 1249 3902 prospere
1264 3817 1362 3901 appli-

343 3922 456 3985 camec,
476 3927 514 3968 eo
534 3908 664 3987 favente,
684 3907 737 3992 qui
751 3909 837 3986 mari,
858 3907 887 3970 ἃ
903 3909 999 3972 ventis
1014 3909 1153 3990 imperat,
1167 3928 1238 3968 cum
1253 3905 1362 3970 fluvius

344 3993 459 4077 ingens,
479 3993 612 4058 &turris
635 3995 665 4057 in
680 4017 717 4057 eo
734 3996 864 4077 precelsa
878 3995 1050 4059 constratu
1064 3991 1220 4058 transitum
1233 3993 1270 4054 ad
1286 3995 1362 4055 civi-

343 4097 437 4144 tatem
461 4085 580 4165 penitus
605 4083 813 4164 prohiberent,
836 4084 935 4146 coasti
956 4084 1022 4147 suut
1046 4083 1096 4144 sua
1119 4081 1211 4164 figere
1232 4083 1363 4144 tentoria

343 4172 422 4234 circa
433 4170 512 4234 litus.
528 4169 626 4258 Quod
641 4170 685 4232 illi
701 4171 738 4232 de
751 4169 895 4233 Damiata
908 4171 1054 4248 videntes,
1068 4168 1134 4232 suos
1150 4189 1222 4229 mox
1232 4170 1361 4234 nuncios

343 4259 477 4342 dirigunt
500 4259 537 4321 ad
562 4258 738 4337 Soldanum,
771 4279 825 4340 per
849 4279 926 4343 quos
952 4258 980 4320 se
1004 4279 1021 4318 a
1045 4255 1210 4319 christianis
1235 4254 1361 4318 obsessos

342 4346 517 4431 srgnificant,
540 4347 569 4409 dt
591 4363 708 4429 petunt,
733 4363 766 4409 ut
780 4346 864 4409 suum
885 4347 922 4408 ad
945 4367 997 4409 eos
1011 4347 1112 4408 veniat
1136 4346 1166 4406 in
1180 4342 1360 4405 succursum.

345 4433 412 4522 Qui
426 4435 534 4514 statim,
555 4433 691 4498 colledlis
706 4435 841 4518 undique
856 4434 979 4512 viribus,
999 4431 1174 4496 Damiatam
1188 4429 1216 4492 se
1231 4430 1361 4494 contulit

343 4522 403 4585 fine
416 4544 512 4597 mora,
534 4545 626 4606 quarn
639 4523 712 4586 viris
726 4523 865 4601 munivit,
886 4521 917 4584 dc
930 4521 1053 4599 viribus,
1075 4541 1195 4582 necnon
1211 4517 1240 4580 dt
1255 4518 1360 4580 turrim

344 4610 564 4692 predidiauu&
585 4633 624 4674 ne
637 4610 787 4674 christiani
803 4609 919 4693 pollent
931 4611 962 4672 in
977 4623 1095 4692 partem
1105 4607 1228 4670 alteram
1238 4605 1359 4688 navigio

344 4697 533 4780 transmeare,
555 4697 637 4763 secus
662 4702 747 4764 armis
768 4700 865 4784 ripam
879 4697 958 4762 acies
973 4695 1200 4774 balistariorum,
1223 4693 1253 4756 δι
1275 4714 1359 4756 arca-
