4336 6572
700 1681 1151 1790 TESTIMONIA

408 1921 435 1985 r
460 1916 732 2010 eunomium
756 1915 836 2006 ro<
857 1912 1077 2003 ornentur
1103 1906 1439 2003 nnrrumotrsr

725 2093 886 2146 SCRIPTIS
913 2089 1119 2144 EXCERPTA

852 2257 989 2336 *νβ*

640 2511 695 2591 35.
722 2509 911 2564 nooeRnrs
935 2509 986 2560 ne
1012 2505 1204 2581 noventur,

694 2690 893 2758 Continuam
910 2688 950 2756 ud
966 2712 1032 2756 nnn.
1055 2701 1156 2782 1223.

652 2881 717 2951 [th.
734 2883 777 2934 des
793 2880 845 2950 iifl.
864 2883 897 2933 de
910 2880 938 2933 la
955 2882 1059 2944 Franco,
1076 2879 1181 2950 xv111.]

910 3012 929 3054 ss

311 3205 332 3250 p.
346 3185 388 3247 185
443 3173 605 3253 Ranulfus,
620 3195 724 3238 comes
740 3171 867 3251 Cestrie,
882 3172 911 3234 δι
924 3170 1117 3251 Willelmus,
1130 3192 1234 3236 comes
1249 3173 1287 3234 de
1302 3172 1435 3254 Ferrers,
1452 3203 1512 3251 ως

404 3263 434 3325 &
448 3261 611 3341 Iohannes,
625 3261 861 3325 constabularius
878 3260 1006 3340 Cestrie,
1020 3283 1090 3322 curn
1106 3260 1209 3324 multis
1229 3261 1296 3324 aliis
1311 3282 1435 3344 magna-

405 3352 485 3414 tibus
518 3352 631 3434 Anglie
659 3371 749 3412 cruce
774 3348 905 3433 signatis,
927 3351 1202 3432 peregrinationem
1225 3349 1307 3411 suam
1335 3349 1435 3413 versus

403 3439 539 3502 Terram
554 3439 685 3501 sandlam
700 3439 901 3520 arripuerunt

475 3562 534 3632 [Hic
546 3564 660 3634 sequitur
673 3565 782 3635 Epistola
804 3565 952 3634 principum,
971 3580 1023 3632 qua
1039 3561 1155 3631 exstasin
1171 3563 1295 3630 Marum,
1315 3561 1435 3634 Amplisl'.

404 3641 526 3708 collectio,
539 3646 572 3709 V,
588 3647 671 3711 1479.]

312 3802 333 3848 p.
347 3785 390 3833 186
445 3772 539 3832 Anno
552 3769 745 3837 MCCXXI.
761 3771 855 3852 Apud
867 3771 1046 3834 Damietam
1058 3770 1210 3853 peregrini
1223 3769 1335 3834 Christi
1347 3791 1435 3834 com-
1451 3802 1509 3838 1221

405 3875 567 3938 morantes,
595 3860 643 3922 sed
672 3862 773 3923 minus
802 3859 923 3924 Christo
949 3859 1124 3938 servientes,
1148 3858 1344 3940 despicabiles
1369 3860 1436 3924 sunt

404 3945 515 4025 effec'li,
529 3948 611 4030 quia,
625 3950 661 4010 ad
677 3947 820 4011 sinistram
842 3969 860 4009 a
883 3949 1008 4010 dextera
1029 3948 1228 4026 declinantes,
1248 3947 1340 4011 nimis
1362 3949 1434 4012 facti

406 4034 472 4097 sunt
485 4035 571 4115 viles,
585 4037 723 4101 iterando
738 4042 801 4100 vias
817 4037 937 4101 illicitas
953 4038 982 4100 δι
996 4039 1095 4100 carnis
1117 4058 1223 4100 curam
1243 4036 1434 4120 perficientes

404 4123 436 4183 in
451 4121 613 4188 desideriis.
630 4127 722 4189 Unde
738 4127 860 4190 illorum
875 4127 990 4190 meritis
1005 4126 1207 4208 exigentibus,
1221 4126 1320 4188 versus
1341 4125 1384 4188 est
1402 4127 1433 4188 in

404 4209 521 4273 ludium
536 4214 648 4278 chorus
663 4215 803 4278 illorum:
818 4236 900 4294 narn,
914 4230 1031 4277 mutata
1045 4215 1169 4277 dextera
1183 4213 1311 4293 Excelfi,
1325 4215 1432 4279 civitas

309 4327 331 4376 p
345 4309 389 4371 187
403 4300 540 4364 nefandis
562 4304 670 4365 tradita
684 4303 726 4366 est
744 4303 914 4366 Sarracenis
936 4301 1058 4364 circiter
1081 4301 1189 4363 festum
1209 4299 1557 4390 Assumptionisnug,15,

403 4385 439 4450 B.
455 4387 567 4452 Marie.
583 4389 639 4453 Sed
655 4413 718 4454 non
734 4393 858 4454 modico
872 4392 999 4454 recreati
1015 4389 1082 4451 sunt
1096 4389 1212 4468 solatio,
1228 4390 1301 4451 dum
1316 4391 1431 4454 iadlura

402 4475 455 4538 illa
481 4478 726 4560 recompensatur
747 4480 896 4544 salutifere
918 4481 1018 4543 crucis
1043 4479 1126 4563 ligno
1152 4481 1195 4542 eis
1220 4480 1339 4544 reddito
1359 4500 1431 4541 cum

402 4565 546 4716 univergrp
564 4569 703 4650 captivis,
717 4569 934 4654 cuiuscumque
948 4568 1135 4633 conditionis
1149 4567 1326 4648 exstiterint,
1339 4569 1431 4632 liber·

403 4665 457 4716 tatr
472 4674 504 4715 re
547 4655 667 4721 itis.....
