4362 6560
782 1041 864 1128 ¹74
924 1007 1168 1137 Testimonio
1189 1008 1231 1099 in
1256 1008 1476 1102 Germania
1485 1008 1667 1133 scriptu.

772 1265 1027 1350 Xantensnaquo
1042 1289 1100 1351 ego
1123 1289 1183 1351 que
1204 1267 1340 1331 dicturus
1358 1267 1421 1330 sum
1441 1267 1554 1348 audivi,
1573 1267 1676 1334 missus
1700 1269 1742 1333 est
1761 1273 1792 1336 in

772 1355 875 1437 ignem
890 1370 952 1416 tam
967 1355 1166 1418 intolerabilis
1180 1356 1303 1434 ardoris,
1316 1371 1351 1418 ut
1362 1356 1495 1419 diceret:
1518 1383 1531 1413 ‹
1549 1356 1578 1419 Si
1596 1379 1635 1420 ex
1650 1360 1793 1424 omnibus

774 1442 904 1506 ‹mundi
922 1441 1010 1525 lignis
1029 1465 1107 1507 unus
1119 1444 1195 1526 ignis
1206 1443 1277 1506 esset
1287 1444 1455 1523 consessus,
1468 1444 1591 1508 mallem
1603 1446 1633 1508 in
1647 1467 1686 1508 co
1701 1447 1792 1531 usque

774 1531 833 1593 ead
849 1531 930 1592 diem
942 1530 1044 1616 iudicij
1057 1531 1169 1611 ardere,
1180 1553 1272 1614 quam
1286 1553 1341 1614 per
1352 1531 1479 1614 spatium
1494 1535 1583 1597 unius
1606 1535 1682 1596 hore
1705 1535 1793 1599 illum

772 1616 949 1681 «sustinere.
964 1643 977 1674 ι
991 1618 1039 1682 Ex
1050 1641 1112 1702 quo
1127 1619 1290 1700 extrastus,
1304 1620 1431 1683 tattaeus
1442 1619 1484 1683 est
1499 1622 1528 1683 in
1544 1621 1647 1685 locum
1662 1638 1724 1684 tam
1739 1624 1791 1687 sri-

770 1705 962 1786 gidiffimum,
976 1722 1010 1770 ut
1023 1723 1142 1789 optaret
1155 1709 1254 1770 redire
1270 1707 1301 1770 in
1316 1709 1427 1792 ignem.
1442 1709 1566 1772 Deinde
1591 1710 1738 1775 deductus
1752 1713 1795 1776 est

771 1793 802 1854 in
813 1793 950 1857 tenebras
972 1794 1148 1877 palpabiles,
1162 1797 1299 1879 tantique
1312 1796 1457 1876 horroris,
1471 1813 1506 1859 ut
1519 1798 1635 1860 diceret
1652 1799 1729 1861 intra
1742 1799 1770 1861 se
1784 1821 1792 1863 :

773 1880 827 1943 ‹Si
842 1879 1002 1945 servivitres
1016 1900 1139 1947 centum
1154 1885 1240 1948 annis
1250 1883 1331 1964 Deo,
1342 1884 1420 1946 bene
1431 1902 1461 1947 te
1472 1884 1695 1965 remunerasset,
1705 1889 1796 1950 dum·

772 1968 891 2031 ‹modo
902 1968 1008 2033 liceret
1019 1971 1073 2034 tibi
1085 1972 1182 2034 redire
1191 1972 1228 2034 ad
1240 1973 1341 2054 frigus.
1355 1997 1368 2028 ›
1381 1969 1418 2035 In
1429 1974 1511 2035 hunc
1521 1973 1647 2036 modum
1661 1974 1710 2037 sex
1725 1975 1795 2038 reli-

770 2076 845 2138 quas
857 2078 949 2139 penas
968 2079 1043 2141 quas
1057 2057 1201 2142 scriptura
1215 2077 1371 2123 enumerat
1394 2059 1588 2143 pertransrvit
1604 2060 1681 2148 Quo
1693 2066 1723 2124 in
1741 2085 1794 2126 ex-

770 2159 868 2207 trema
882 2167 960 2228 pena
981 2145 1088 2228 polito,
1102 2145 1260 2211 Dominus
1274 2168 1367 2230 opera
1385 2150 1450 2213 eius
1474 2149 1575 2230 priora
1593 2149 1795 2230 confiderans,

770 2232 800 2294 δι
811 2251 844 2296 ιιι
859 2232 937 2316 passa
951 2233 999 2296 vel
1012 2234 1072 2297 visa
1091 2236 1263 2300 viventibus
1277 2240 1428 2317 recitaret,
1441 2238 1576 2301 misertus
1597 2238 1689 2318 illius,
1703 2260 1795 2323 ange-

770 2317 834 2381 lum
848 2321 933 2383 suum
948 2319 1027 2384 mifit
1038 2323 1074 2385 ad
1090 2345 1171 2402 eum,
1193 2326 1244 2406 qui
1260 2324 1398 2388 diceret:
1425 2352 1438 2384 e
1456 2325 1540 2389 Ecce
1561 2325 1652 2388 talem
1678 2347 1795 2391 merce-

771 2407 866 2470 ‹dem
880 2409 1042 2492 recipiunt,
1056 2412 1108 2494 qui
1124 2411 1255 2474 serviunt
1275 2412 1433 2475 diabolo.»
1461 2413 1705 2496 Subiunxitque:
1732 2440 1746 2473 ι
1763 2417 1793 2478 si

772 2497 850 2559 ‹tibi
866 2497 970 2561 liceret
984 2502 1082 2563 redire
1094 2501 1132 2563 ad
1148 2502 1252 2580 vitam,
1266 2501 1359 2566 velles
1381 2525 1437 2585 pro
1455 2503 1587 2584 peccatis
1609 2504 1669 2566 tuis
1683 2503 1795 2568 satissa-

771 2607 784 2640 ‹
797 2604 867 2646 cere
879 2583 971 2648 Deo?
984 2611 997 2642 ι
1011 2587 1062 2649 Ad
1074 2587 1156 2669 quod
1168 2588 1296 2651 verbum
1308 2589 1361 2651 ille
1372 2590 1515 2672 suspirans
1524 2590 1678 2673 respondit
1688 2613 1695 2653 :
1706 2591 1795 2654 ‹Do-

770 2695 785 2728 ι
797 2671 889 2750 mine,
900 2670 988 2736 sthoc
999 2670 1071 2737 esset
1081 2675 1226 2757 possibile,
1234 2675 1351 2739 nullam
1358 2677 1522 2740 abnuerem
1531 2676 1791 2740 satissadtiouem.»

769 2756 865 2820 Tunc
878 2761 1025 2844 angelus:
1051 2763 1220 2826 «Domino
1244 2764 1353 2845 placet,
1375 2781 1408 2828 ut
1428 2766 1465 2826 ad
1485 2785 1597 2847 corpus
1621 2768 1744 2841 redeas3
1764 2765 1794 2828 ἃ

772 2870 784 2901 ι
799 2847 870 2928 quia
888 2849 919 2910 in
933 2870 1025 2913 cruce
1040 2851 1179 2934 peccasti,
1193 2873 1247 2933 per
1262 2873 1386 2914 crucem
1401 2851 1569 2916 satisfacias.
1584 2879 1596 2908 ³
1614 2852 1696 2915 Mox
1710 2852 1738 2915 sc
1762 2854 1792 2915 in

770 2933 882 2996 feretro
897 2938 1026 3021 erigens,
1041 2961 1147 3002 omnes
1169 2941 1303 3021 exceptis
1324 2941 1443 3004 duobus
1457 2941 1616 3003 iuvenibus
1634 2942 1686 3024 qui
1708 2939 1794 3004 cons·

769 3022 915 3087 tantiorcs
928 3042 1013 3088 erant
1022 3028 1052 3089 in
1068 3027 1170 3109 sugam
1181 3028 1340 3089 convertit
1356 3025 1481 3113 Quibus
1495 3026 1525 3088 δι
1538 3028 1595 3090 ait:
1613 3053 1625 3086 ι
1640 3028 1692 3091 Ne
1703 3029 1792 3092 time-

771 3111 861 3189 retis,
875 3113 927 3195 qui
942 3134 1000 3196 ego
1015 3114 1112 3179 sum.»
1139 3114 1310 3198 Statimque
1323 3114 1510 3178 sacerdotem
1524 3114 1698 3194 accersiens,
1720 3138 1794 3198 pec-

768 3214 836 3260 cata
862 3198 912 3262 sua
936 3201 1085 3266 confessus
1116 3201 1175 3280 est3
1202 3224 1326 3266 crucem
1350 3203 1485 3287 suscepit,
1508 3204 1538 3268 dt
1564 3224 1636 3266 cum
1665 3204 1792 3267 domino

769 3285 891 3352 Ottone
905 3290 1048 3374 episcopo
1073 3291 1197 3373 predissi
1226 3290 1416 3354 Theoderici
1438 3291 1602 3354 successore
1619 3293 1793 3356 transfreta·

768 3376 821 3438 vit
836 3372 871 3438 In
892 3378 942 3439 via
965 3374 1087 3462 singulis
1110 3379 1216 3443 diebus
1236 3380 1266 3441 in
1285 3399 1363 3462 pane
1383 3379 1506 3463 &aqua
1525 3381 1690 3457 ieiunavit;
1710 3382 1794 3444 iuxta

768 3485 882 3546 equum
898 3467 1028 3528 suumin
1050 3489 1112 3550 quo
1133 3467 1228 3530 vestes
1243 3467 1307 3530 eius
1329 3466 1358 3529 dt
1377 3489 1462 3529 arma
1476 3467 1685 3548 portabantur,
1703 3468 1792 3532 nudis

769 3553 895 3634 pedibus
909 3556 1053 3617 cucurrit.
1069 3555 1195 3618 Etcum
1211 3556 1302 3638 petris
1317 3553 1485 3618 secantibus
1506 3555 1623 3638 sanguis
1639 3555 1792 3638 profluens

767 3641 848 3700 viam
861 3660 1043 3722 cruentaret,
1057 3643 1123 3707 satis
1138 3642 1368 3706 aconsratribus
1382 3643 1571 3726 arguebatur.
1594 3641 1720 3730 Quibus
1734 3643 1792 3705 res-

768 3729 898 3807 pondit:
916 3757 928 3790 ι
947 3732 1072 3795 Maiora
1090 3734 1200 3794 horum
1226 3731 1382 3794 sustinui.»
1407 3728 1476 3817 Qui
1498 3751 1570 3793 cum
1595 3753 1673 3813 pene
1688 3733 1794 3794 omnia

767 3813 818 3876 sua
832 3816 862 3877 in
877 3816 990 3881 Christi
1001 3818 1120 3882 servitio
1143 3817 1339 3902 expendisset,
1354 3842 1426 3883 cum
1441 3821 1578 3903 predicto
1604 3820 1747 3903 episcopo
1762 3819 1792 3883 dr

767 3904 907 3986 magistro
927 3902 1063 3969 Iohanne
1078 3907 1198 3970 rediens
1212 3928 1293 3970 marc
1309 3907 1451 3972 transivit
1478 3908 1529 3972 De
1548 3929 1697 3993 quocum
1717 3929 1792 3970 nau·
1805 3931 1837 3990 11,
1848 3946 1870 3993 p.
1883 3943 1926 3993 3³5

767 3991 831 4054 lum
846 3996 1012 4076 requireret
1025 4015 1082 4056 nec
1096 3995 1229 4072 haberet,
1243 3997 1300 4058 ait:
1315 4020 1329 4053 ι
1347 3993 1415 4078 Ego
1431 3996 1517 4058 vobis
1532 3995 1657 4058 serviam
1675 3994 1792 4078 quoad·

769 4105 782 4138 ι
795 4080 887 4163 usque
897 4082 1065 4145 volueritis.
1083 4107 1095 4140 ›
1110 4083 1160 4144 Ad
1176 4085 1357 4165 petitionem
1372 4099 1472 4146 tamen
1488 4084 1696 4166 predittorum
1709 4085 1792 4145 viro-

766 4189 834 4230 rum
853 4167 987 4234 dimissus
1008 4171 1051 4232 est
1073 4192 1091 4233 a
1113 4171 1267 4234 nauclero.
1291 4169 1358 4257 Qui
1381 4193 1452 4233 cum
1475 4172 1609 4234 reversus
1633 4171 1732 4234 suisset
1753 4170 1789 4232 ad

767 4276 894 4320 uxorem
915 4256 1006 4337 suam,
1026 4258 1107 4320 sacro
1130 4260 1200 4342 igne
1219 4258 1316 4322 taetus
1341 4256 1391 4320 est.
1427 4259 1487 4323 Cui
1514 4260 1632 4322 ardenti
1660 4260 1790 4342 quadam

766 4345 858 4408 noste
874 4347 904 4407 in
919 4344 1031 4409 somnis
1046 4346 1162 4409 dissum
1176 4346 1227 4420 ess,
1242 4349 1313 4429 quia
1329 4345 1350 4408 s1
1364 4349 1400 4409 ad
1425 4344 1583 4410 ecclesram
1607 4347 1698 4409 saneti
1723 4347 1790 4430 Ny·

767 4433 868 4496 cholai
882 4434 1048 4513 accederet,
1061 4435 1160 4497 statim
1181 4434 1412 4498 convalesceret.
1431 4434 1495 4498 Ubi
1511 4437 1584 4496 dum
1606 4456 1696 4498 orans
1716 4455 1791 4518 qua-

768 4523 937 4586 tuordecim
948 4525 1101 4586 orationes
1116 4519 1234 4585 dixisset
1249 4544 1308 4585 nec
1322 4523 1527 4602 convaluisset,
1545 4523 1716 4606 desperatus
1728 4525 1790 4585 ait:

769 4610 901 4674 ‹Sande
910 4611 1082 4695 Nycholae,
1091 4613 1164 4694 quid
1176 4611 1324 4674 moraris?
1336 4637 1348 4669 ι
1363 4611 1443 4674 Mox
1453 4612 1791 4695 utquintamdecimam

767 4700 938 4762 orationem
951 4701 1076 4783 incepit,
1091 4700 1222 4782 persedte
1237 4700 1413 4776 convaluit;
1427 4699 1456 4763 δι
1471 4698 1615 4782 estusque
1628 4699 1721 4763 hodie
1737 4721 1791 4763 co-
