4336 6572
644 993 708 1080 14.
741 912 890 1056 'Parus
910 955 961 1052 de
982 955 1230 1050 Homerici.
1385 986 1437 1080 η

431 1217 532 1281 Cuius
553 1217 603 1280 hic
621 1215 778 1300 exemplar
799 1237 837 1278 eo
858 1215 999 1277 libentius
1013 1214 1167 1297 subiungo,
1190 1214 1272 1296 quod
1297 1211 1445 1274 monaste-

427 1305 550 1367 riorum
566 1301 894 1380 Premonstratensrum,
916 1323 975 1385 que
995 1301 1027 1362 in
1042 1301 1126 1384 Syria
1146 1300 1220 1362 olim
1240 1301 1332 1378 suere,
1353 1298 1445 1361 diser·

427 1407 493 1454 tam
508 1393 597 1454 saciat
610 1392 806 1454 mentionem.

462 1509 521 1576 [Hic
545 1507 660 1576 inseritur
683 1508 796 1579 Epiilola
820 1508 932 1578 Gervasrj
955 1509 987 1560 ad
1013 1519 1077 1578 patr.
1102 1505 1225 1560 llierosol.
1257 1505 1353 1574 (snitgo,
1378 1507 1444 1558 Sao.

428 1600 481 1642 ant.
496 1605 619 1656 monum,
630 1601 660 1642 o⁰
676 1593 718 1654 38,
729 1605 756 1658 p.
772 1585 838 1658 38).]

708 1790 758 1872 ¹5·
776 1788 968 1842 munuum
984 1788 1035 1840 ou
1051 1787 1170 1858 mn,

676 1945 843 2017 Chronicon
858 1947 891 2012 S.
912 1946 1031 2012 bertini
1054 1952 1202 2022 (-13t3).

649 2112 754 2180 [necarit
769 2115 812 2166 des
831 2111 884 2180 hisi.
903 2115 934 2165 de
949 2112 977 2166 la
992 2114 1093 2177 Fronte,
1109 2109 1217 2180 xvsti]

927 2236 947 2280 at

433 2359 541 2424 [Sequitur
553 2357 684 2404 Gutttm
691 2353 830 2419 Audrensem
842 2355 912 2421 supra
920 2369 944 2420 p.
957 2369 979 2417 ς,
990 2353 1018 2404 U
1025 2355 1139 2402 Morinum
1147 2355 1257 2416 danorum,
1267 2355 1325 2420 infra
1333 2353 1382 2418 seii.
1397 2355 1446 2419 Vt]

333 2519 359 2564 Ρ·
372 2501 420 2560 ⁶07
469 2505 548 2556 Anno
569 2503 753 2569 mccxvnt,
781 2504 903 2556 lohannes
925 2521 968 2556 rex
992 2503 1135 2570 Ierusalem,
1160 2504 1211 2558 dux
1229 2504 1340 2572 Austrie,
1360 2505 1447 2558 fratres
1463 2511 1520 2558 1218

435 2583 524 2635 militie
537 2582 650 2652 Templi,
671 2583 758 2634 iratres
771 2582 904 2652 Hospitalis
918 2585 941 2635 δι
957 2583 1044 2635 fratres
1064 2583 1155 2636 domus
1174 2585 1370 2638 Alemannorum
1390 2601 1446 2638 cum

434 2661 618 2715 christianorum
629 2662 745 2726 exercitu,
755 2661 870 2714 dominus
879 2662 953 2714 etiarn
964 2662 1079 2732 Pelagius
1091 2662 1222 2715 cardinalis
1231 2663 1357 2734 episcopus
1367 2663 1448 2732 Alba-

434 2741 522 2809 nensis,
545 2739 677 2810 apostolice
701 2741 763 2793 sedis
784 2741 891 2810 leg-atus,
911 2741 1012 2794 natione
1034 2741 1168 2812 Hispanus,
1188 2743 1334 2795 Damiatam
1353 2741 1449 2812 Egypti

434 2819 542 2872 nobilem
555 2819 680 2874 civitatem
694 2819 820 2874 obsidione
834 2820 998 2874 vallaremur.
1020 2823 1075 2872 Hec
1087 2821 1181 2887 ciritae,
1199 2823 1232 2873 ab
1249 2838 1299 2874 uno
1315 2821 1392 2875 latere
1403 2821 1450 2873 flu-

435 2899 501 2952 mine
514 2899 576 2966 Nili,
598 2918 629 2953 ex
642 2900 693 2952 alio
705 2900 791 2964 mut-ie,
809 2901 918 2952 turribus
930 2901 954 2952 dt
967 2895 1072 2964 fossatis,
1084 2912 1137 2953 arte
1151 2902 1174 2952 δι
1186 2900 1287 2970 ingenio
1299 2899 1449 2970 premunito‚

434 2977 509 3048 plena
522 2990 574 3030 erat
583 2979 732 3049 gentibus&
747 2979 839 3032 divitiis
849 2979 949 3031 infinitis
959 3001 965 3031 ι
977 2979 1003 3030 in
1014 2997 1064 3049 qua
1074 2979 1208 3048 obfidione,
1221 2980 1344 3050 prediiiur
1353 2981 1449 3050 legatus

435 3073 492 3108 corn
513 3074 572 3126 rege
595 3058 706 3110 lobnnne
726 3057 845 3128 prediiio‚
871 3058 917 3126 qui
936 3058 1003 3128 prius
1022 3059 1139 3110 exercitui
1160 3057 1347 3124 dominabatur,
1369 3057 1449 3111 collo-

435 3136 520 3205 qm'um
541 3137 582 3190 sue
603 3137 757 3190 nudioritatis
778 3137 875 3203 habuit,
894 3137 1004 3206 allegam
1024 3138 1048 3189 se
1067 3137 1183 3191 exercitui
1204 3139 1295 3190 debere
1308 3137 1449 3208 preesse,&

436 3215 616 3285 crucesignatos
628 3215 660 3268 ed
674 3217 743 3268 suum
760 3215 872 3285 regimen
887 3215 1017 3286 pertinere,
1030 3216 1089 3286 quia
1102 3235 1146 3287 per
1162 3217 1297 3282 ecclesiam,
1319 3217 1388 3270 cuius
1400 3216 1450 3286 ipse

436 3295 533 3364 legatus
545 3306 607 3356 erat,
622 3293 760 3364 passagium
772 3294 854 3346 suem
865 3295 1016 3346 ordinatum.
1033 3295 1089 3346 Rex
1101 3306 1194 3360 tamen,
1206 3295 1282 3348 verba
1293 3293 1451 3358 disiitnniann

436 3391 483 3444 pro
494 3374 598 3426 domino
610 3374 633 3425 se
649 3375 764 3444 gerebat.
782 3373 910 3426 Exercitus
922 3372 1014 3441 itaque,
1026 3390 1071 3442 per
1082 3373 1130 3426 hoc
1143 3373 1168 3426 in
1181 3373 1204 3426 se
1216 3372 1314 3438 divisus,
1326 3390 1376 3425 non
1389 3372 1451 3425 reri-

438 3463 514 3506 tatem
527 3453 625 3523 proprie
643 3453 683 3506 sed
700 3453 857 3506 asiesiionem
874 3450 909 3503 sui
921 3451 1036 3521 principis
1054 3451 1157 3521 quisque
1177 3453 1333 3521 sequebatur.
1352 3450 1450 3504 Eratin

438 3530 485 3584 bac
496 3531 623 3584 obsidione
640 3533 728 3591 beatur
739 3531 892 3596 anoiscur,
910 3531 954 3600 qui
970 3530 1056 3583 tidem
1072 3529 1214 3584 dirissimos
1231 3531 1254 3583 se
1269 3542 1356 3583 contra
1369 3533 1452 3583 Suna-

344 3613 427 3679 pooi
439 3627 513 3662 oenoe
535 3611 568 3663 ad
588 3627 699 3682 pugnam
721 3627 860 3680 preparare,
881 3608 948 3678 qunti
970 3608 1111 3680 prophetice
1130 3608 1192 3662 dixit
1212 3607 1247 3662 eis
1258 3609 1336 3675 quod,
1359 3609 1452 3662 iisoret

440 3699 601 3759 attemptatur
621 3687 774 3759 congressus,
793 3705 844 3742 oon
866 3689 965 3742 cederet
983 3688 1098 3758 prospere
1118 3688 1264 3742 cbtlliianisr
1286 3688 1356 3742 cuius
1372 3689 1451 3758 spreta

440 3769 593 3838 prophetica,
609 3769 691 3821 statim
706 3785 792 3840 pugna
811 3766 985 3831 committitur,
1006 3779 1109 3836 totaque
1124 3767 1149 3820 in
1167 3767 1252 3836 sugent
1269 3767 1372 3820 vertitur
1387 3766 1451 3820 acies

440 3845 575 3899 christiana.
597 3851 626 3899 ln
648 3847 697 3900 hac
716 3845 842 3900 obsidione
862 3845 977 3898 inventur
1002 3845 1035 3898 est
1053 3845 1114 3898 liber
1132 3846 1231 3899 arabice
1251 3846 1361 3916 scriptus,
1383 3846 1451 3898 cuius

440 3935 513 3977 autor
525 3923 549 3978 se
566 3925 733 3991 christianum,
754 3925 861 3977 Iudeum
877 3941 907 3976 ac
925 3925 1087 3976 Sarracenum
1100 3935 1185 3992 negat,
1205 3924 1231 3976 in
1253 3941 1304 3995 quo
1324 3925 1387 3977 inter
1404 3922 1452 3975 alia

440 4003 622 4070 continebatur,
654 4005 724 4076 quod
744 4002 863 4058 Daminta
887 4013 1016 4074 caperetur
1037 4020 1053 4054 a
1073 4001 1215 4068 christianis,
1242 4005 1266 4058 o
1287 4002 1389 4072 quidam
1410 4020 1452 4055 rex

439 4082 522 4136 Nttbie
542 4083 685 4136 christianus
706 4083 827 4136 Mecharn
850 4082 975 4136 civitatem
988 4082 1130 4148 destrueret,
1149 4079 1237 4134 &osia
1250 4081 1393 4136 Mabometi
1405 4081 1453 4134 dis-

440 4162 509 4230 persa
530 4161 670 4230 proiiceret.
694 4163 772 4229 Cuius
795 4161 924 4232 prophetie
945 4159 1025 4229 prima
1046 4178 1103 4230 pars
1121 4178 1187 4218 nuuc
1206 4161 1370 4230 adimpletur,
1392 4177 1450 4212 nam

439 4241 493 4309 posi
505 4257 598 4294 annunt
609 4243 634 4294 δι
648 4243 741 4312 septem
754 4239 848 4294 menses
861 4239 1002 4306 obsidionis,
1013 4241 1139 4294 Dominus
1148 4241 1251 4293 tradidit
1263 4258 1318 4292 eam
1330 4240 1355 4292 in
1365 4257 1452 4292 manue

440 4317 624 4373 chrisianorunt
634 4321 683 4374 stne
693 4320 750 4374 belii
759 4319 859 4389 strepitu
868 4319 907 4372 vel
917 4319 1025 4380 tumulm
1033 4336 1099 4372 anno
1110 4320 1264 4386 Mccxtx,
1272 4317 1342 4372 nonis
1350 4335 1452 4372 novem·
1467 4333 1526 4384 ¹²¹9

441 4397 499 4451 brie.
512 4399 593 4453 Nede
605 4399 715 4469 quodam
730 4399 807 4452 modo
819 4397 983 4468 tempestuosa
997 4399 1020 4451 it
1032 4397 1171 4463 tenebrosa,
1191 4398 1292 4466 quidam
1312 4397 1453 4451 christiano-

441 4495 506 4543 rum,
524 4495 567 4548 per
579 4477 653 4530 scolae
666 4477 795 4533 civitatem
808 4477 937 4541 intrantes,
958 4490 1042 4546 portae
1061 4487 1218 4546 operuerunt,
1238 4479 1263 4530 iz
1275 4477 1307 4530 stc
1320 4476 1453 4530 muitimdo

441 4555 625 4610 christianorum
636 4555 746 4624 intravit,
766 4559 790 4610 &
804 4556 888 4626 spoliis
900 4555 1002 4610 infinitis
1014 4549 1075 4608 suns
1080 4554 1162 4608 ditati.
1181 4555 1256 4625 eapti
1269 4556 1368 4608 suerunt
1383 4556 1408 4608 in
1423 4573 1453 4608 en

442 4632 542 4688 civitate
557 4634 660 4705 triginta
674 4635 751 4688 millia
764 4638 962 4701 Sarracenorum,
981 4633 1102 4687 innumeri
1114 4650 1173 4686 vero
1186 4633 1319 4704 perempti:
1337 4633 1368 4687 de
1380 4633 1453 4686 chris-

442 4712 515 4768 uani·
533 4723 618 4768 nutem
637 4713 718 4784 (quod
734 4713 906 4768 mireculosum
927 4713 1046 4784 creditur)
1068 4711 1148 4767 nullut
1169 4713 1272 4766 omuino
1291 4712 1375 4784 perlit,
1394 4729 1453 4768 nam
