<?xml version="1.0" encoding="UTF-8"?>
<!DOCTYPE html PUBLIC "-//W3C//DTD XHTML 1.0 Transitional//EN"
    "http://www.w3.org/TR/xhtml1/DTD/xhtml1-transitional.dtd">
<html xmlns="http://www.w3.org/1999/xhtml" xml:lang="en" lang="en">
 <head>
  <title>
</title>
<meta http-equiv="Content-Type" content="text/html;charset=utf-8" />
  <meta name='ocr-system' content='tesseract 3.04.00' />
  <meta name='ocr-capabilities' content='ocr_page ocr_carea ocr_par ocr_line ocrx_word'/>
</head>
<body>
  <div class='ocr_page' id='page_1' title='image "./testimoniaminor01rhgoog_0357.png"; bbox 0 0 4168 6502; ppageno 0'>
   <div class='ocr_carea' id='block_1_1' title="bbox 513 884 1285 1012">
    <p class='ocr_par' dir='ltr' id='par_1_1' title="bbox 513 884 1285 1012">
     <span class='ocr_line' id='line_1_1' title="bbox 513 884 1285 1012; baseline -0.005 -32"><span class='ocrx_word' id='word_1_1' title='bbox 513 919 608 1009; x_wconf 90' lang='lat'><strong>¹99·</strong></span> <span class='ocrx_word' id='word_1_2' title='bbox 643 884 802 978; x_wconf 72' lang='lat' dir='ltr'>flavius</span> <span class='ocrx_word' id='word_1_3' title='bbox 823 884 1021 978; x_wconf 86' lang='lat' dir='ltr'>Blondur.</span> <span class='ocrx_word' id='word_1_4' title='bbox 1197 915 1285 1012; x_wconf 89' lang='lat'>279</span> 
     </span>
    </p>
   </div>
   <div class='ocr_carea' id='block_1_2' title="bbox 167 1146 1391 4737">
    <p class='ocr_par' dir='ltr' id='par_1_2' title="bbox 167 1146 1391 4737">
     <span class='ocr_line' id='line_1_2' title="bbox 264 1146 1356 1231; baseline 0.003 -21"><span class='ocrx_word' id='word_1_5' title='bbox 264 1147 353 1210; x_wconf 86' lang='lat' dir='ltr'>urbes</span> <span class='ocrx_word' id='word_1_6' title='bbox 361 1146 1285 1231; x_wconf 73' lang='lat' dir='ltr'>SoldanusomnespropeSarracenorumcopiascontraxerat,</span> <span class='ocrx_word' id='word_1_7' title='bbox 1301 1170 1356 1204; x_wconf 80' lang='lat'><em>¹²²1</em></span> 
     </span>
     <span class='ocr_line' id='line_1_3' title="bbox 262 1235 1286 1317; baseline 0.007 -19"><span class='ocrx_word' id='word_1_8' title='bbox 262 1235 356 1299; x_wconf 68' lang='lat' dir='ltr'>Facta</span> <span class='ocrx_word' id='word_1_9' title='bbox 370 1251 471 1299; x_wconf 86' lang='lat' dir='ltr'>tamen</span> <span class='ocrx_word' id='word_1_10' title='bbox 495 1235 575 1317; x_wconf 89' lang='lat' dir='ltr'>apud</span> <span class='ocrx_word' id='word_1_11' title='bbox 601 1235 777 1299; x_wconf 88' lang='lat' dir='ltr'>Damiatam</span> <span class='ocrx_word' id='word_1_12' title='bbox 800 1238 973 1300; x_wconf 88' lang='lat' dir='ltr'>diuturnior</span> <span class='ocrx_word' id='word_1_13' title='bbox 992 1259 1078 1302; x_wconf 88' lang='lat' dir='ltr'>mora</span> <span class='ocrx_word' id='word_1_14' title='bbox 1092 1237 1173 1303; x_wconf 91' lang='lat' dir='ltr'>utilis</span> <span class='ocrx_word' id='word_1_15' title='bbox 1188 1238 1237 1302; x_wconf 86' lang='lat' dir='ltr'>vel</span> <span class='ocrx_word' id='word_1_16' title='bbox 1250 1262 1286 1305; x_wconf 93' lang='lat' dir='ltr'>ea</span> 
     </span>
     <span class='ocr_line' id='line_1_4' title="bbox 262 1320 1285 1410; baseline 0.005 -26"><span class='ocrx_word' id='word_1_17' title='bbox 262 1325 380 1386; x_wconf 87' lang='lat' dir='ltr'>ratione</span> <span class='ocrx_word' id='word_1_18' title='bbox 394 1322 454 1386; x_wconf 88' lang='lat' dir='ltr'>visa</span> <span class='ocrx_word' id='word_1_19' title='bbox 464 1323 505 1385; x_wconf 89' lang='lat' dir='ltr'>est</span> <span class='ocrx_word' id='word_1_20' title='bbox 519 1320 613 1402; x_wconf 79' lang='lat' dir='ltr'>fuisse,</span> <span class='ocrx_word' id='word_1_21' title='bbox 623 1326 706 1405; x_wconf 87' lang='lat' dir='ltr'>quod</span> <span class='ocrx_word' id='word_1_22' title='bbox 714 1339 802 1407; x_wconf 92' lang='lat' dir='ltr'>capte</span> <span class='ocrx_word' id='word_1_23' title='bbox 818 1324 982 1390; x_wconf 86' lang='lat' dir='ltr'>illiusfama</span> <span class='ocrx_word' id='word_1_24' title='bbox 994 1326 1106 1391; x_wconf 90' lang='lat' dir='ltr'>multos</span> <span class='ocrx_word' id='word_1_25' title='bbox 1114 1349 1151 1391; x_wconf 88' lang='lat' dir='ltr'>ex</span> <span class='ocrx_word' id='word_1_26' title='bbox 1160 1327 1285 1410; x_wconf 84' lang='lat' dir='ltr'><strong>Europa</strong></span> 
     </span>
     <span class='ocr_line' id='line_1_5' title="bbox 262 1410 1284 1491; baseline 0.006 -18"><span class='ocrx_word' id='word_1_27' title='bbox 262 1410 373 1474; x_wconf 85' lang='lat' dir='ltr'><strong>milites</strong></span> <span class='ocrx_word' id='word_1_28' title='bbox 402 1410 475 1475; x_wconf 88' lang='lat' dir='ltr'>illuc</span> <span class='ocrx_word' id='word_1_29' title='bbox 489 1425 619 1474; x_wconf 85' lang='lat' dir='ltr'>traxerat</span> <span class='ocrx_word' id='word_1_30' title='bbox 633 1433 651 1473; x_wconf 91' lang='lat' dir='ltr'>a</span> <span class='ocrx_word' id='word_1_31' title='bbox 665 1412 794 1491; x_wconf 86' lang='lat' dir='ltr'>Veneta,</span> <span class='ocrx_word' id='word_1_32' title='bbox 809 1410 966 1477; x_wconf 85' lang='lat' dir='ltr'>Genuensr</span> <span class='ocrx_word' id='word_1_33' title='bbox 980 1413 1011 1475; x_wconf 76' lang='lat' dir='ltr'>dv</span> <span class='ocrx_word' id='word_1_34' title='bbox 1025 1412 1129 1477; x_wconf 87' lang='lat' dir='ltr'>Pisana</span> <span class='ocrx_word' id='word_1_35' title='bbox 1149 1415 1284 1480; x_wconf 87' lang='lat' dir='ltr'>claffibus</span> 
     </span>
     <span class='ocr_line' id='line_1_6' title="bbox 262 1496 1378 1586; baseline 0.01 -25"><span class='ocrx_word' id='word_1_36' title='bbox 262 1500 488 1582; x_wconf 83' lang='lat' dir='ltr'>transportatus.</span> <span class='ocrx_word' id='word_1_37' title='bbox 516 1498 656 1562; x_wconf 63' lang='lat' dir='ltr'>Dosium</span> <span class='ocrx_word' id='word_1_38' title='bbox 671 1496 713 1561; x_wconf 90' lang='lat' dir='ltr'>est</span> <span class='ocrx_word' id='word_1_39' title='bbox 733 1501 765 1562; x_wconf 91' lang='lat' dir='ltr'>in</span> <span class='ocrx_word' id='word_1_40' title='bbox 785 1499 903 1563; x_wconf 87' lang='lat' dir='ltr'>bostem</span> <span class='ocrx_word' id='word_1_41' title='bbox 925 1502 961 1563; x_wconf 92' lang='lat' dir='ltr'>ad</span> <span class='ocrx_word' id='word_1_42' title='bbox 984 1501 1058 1583; x_wconf 88' lang='lat' dir='ltr'>ipsas</span> <span class='ocrx_word' id='word_1_43' title='bbox 1082 1500 1151 1586; x_wconf 91' lang='lat' dir='ltr'>lulij</span> <span class='ocrx_word' id='word_1_44' title='bbox 1178 1502 1284 1568; x_wconf 82' lang='lat' dir='ltr'>mensis</span> <span class='ocrx_word' id='word_1_45' title='bbox 1298 1511 1339 1558; x_wconf 81' lang='lat'>1¹¹¹·</span> <span class='ocrx_word' id='word_1_46' title='bbox 1353 1522 1378 1572; x_wconf 82' lang='lat'>¹⁵</span> 
     </span>
     <span class='ocr_line' id='line_1_7' title="bbox 262 1586 1285 1671; baseline 0.004 -21"><span class='ocrx_word' id='word_1_47' title='bbox 262 1589 337 1650; x_wconf 83' lang='lat' dir='ltr'>idus</span> <span class='ocrx_word' id='word_1_48' title='bbox 353 1586 431 1650; x_wconf 92' lang='lat' dir='ltr'>Nilo</span> <span class='ocrx_word' id='word_1_49' title='bbox 445 1607 534 1649; x_wconf 90' lang='lat' dir='ltr'>amne</span> <span class='ocrx_word' id='word_1_50' title='bbox 549 1603 647 1669; x_wconf 90' lang='lat' dir='ltr'>preter</span> <span class='ocrx_word' id='word_1_51' title='bbox 662 1587 759 1667; x_wconf 89' lang='lat' dir='ltr'>illurn,</span> <span class='ocrx_word' id='word_1_52' title='bbox 773 1589 810 1651; x_wconf 96' lang='lat' dir='ltr'>de</span> <span class='ocrx_word' id='word_1_53' title='bbox 825 1610 887 1671; x_wconf 90' lang='lat' dir='ltr'>quo</span> <span class='ocrx_word' id='word_1_54' title='bbox 901 1588 968 1671; x_wconf 87' lang='lat' dir='ltr'>sepe</span> <span class='ocrx_word' id='word_1_55' title='bbox 984 1591 1126 1668; x_wconf 86' lang='lat' dir='ltr'>diximus,</span> <span class='ocrx_word' id='word_1_56' title='bbox 1141 1589 1285 1654; x_wconf 86' lang='lat' dir='ltr'>Damiate</span> 
     </span>
     <span class='ocr_line' id='line_1_8' title="bbox 262 1674 1285 1760; baseline 0.004 -22"><span class='ocrx_word' id='word_1_57' title='bbox 262 1676 436 1760; x_wconf 86' lang='lat' dir='ltr'>proximum</span> <span class='ocrx_word' id='word_1_58' title='bbox 452 1675 622 1759; x_wconf 89' lang='lat' dir='ltr'>priusquam</span> <span class='ocrx_word' id='word_1_59' title='bbox 637 1676 795 1760; x_wconf 81' lang='lat' dir='ltr'><strong>Babylona</strong></span> <span class='ocrx_word' id='word_1_60' title='bbox 815 1674 959 1740; x_wconf 89' lang='lat' dir='ltr'>Damiata</span> <span class='ocrx_word' id='word_1_61' title='bbox 970 1679 1104 1756; x_wconf 87' lang='lat' dir='ltr'>adeatur,</span> <span class='ocrx_word' id='word_1_62' title='bbox 1118 1678 1192 1742; x_wconf 88' lang='lat' dir='ltr'>alter</span> <span class='ocrx_word' id='word_1_63' title='bbox 1206 1680 1285 1742; x_wconf 92' lang='lat' dir='ltr'>deri·</span> 
     </span>
     <span class='ocr_line' id='line_1_9' title="bbox 262 1763 1285 1847; baseline 0.002 -21"><span class='ocrx_word' id='word_1_64' title='bbox 262 1779 348 1826; x_wconf 91' lang='lat' dir='ltr'>vatur</span> <span class='ocrx_word' id='word_1_65' title='bbox 360 1763 481 1842; x_wconf 83' lang='lat' dir='ltr'>fluvius,</span> <span class='ocrx_word' id='word_1_66' title='bbox 494 1765 543 1826; x_wconf 92' lang='lat' dir='ltr'>cui</span> <span class='ocrx_word' id='word_1_67' title='bbox 560 1763 708 1826; x_wconf 89' lang='lat' dir='ltr'>Soldanus</span> <span class='ocrx_word' id='word_1_68' title='bbox 723 1779 849 1847; x_wconf 90' lang='lat' dir='ltr'>pontem</span> <span class='ocrx_word' id='word_1_69' title='bbox 865 1763 1045 1845; x_wconf 86' lang='lat' dir='ltr'>imposuerat</span> <span class='ocrx_word' id='word_1_70' title='bbox 1058 1767 1185 1831; x_wconf 89' lang='lat' dir='ltr'>navibus</span> <span class='ocrx_word' id='word_1_71' title='bbox 1199 1767 1285 1831; x_wconf 88' lang='lat' dir='ltr'>conf·</span> 
     </span>
     <span class='ocr_line' id='line_1_10' title="bbox 262 1848 1285 1937; baseline 0.003 -21"><span class='ocrx_word' id='word_1_72' title='bbox 262 1851 407 1930; x_wconf 62' lang='lat' dir='ltr'>nusum,</span> <span class='ocrx_word' id='word_1_73' title='bbox 434 1874 497 1934; x_wconf 90' lang='lat' dir='ltr'>quo</span> <span class='ocrx_word' id='word_1_74' title='bbox 521 1848 616 1934; x_wconf 85' lang='lat' dir='ltr'>poll&#39;et</span> <span class='ocrx_word' id='word_1_75' title='bbox 643 1850 762 1916; x_wconf 87' lang='lat' dir='ltr'>facilius</span> <span class='ocrx_word' id='word_1_76' title='bbox 790 1852 821 1913; x_wconf 88' lang='lat' dir='ltr'>in</span> <span class='ocrx_word' id='word_1_77' title='bbox 848 1850 965 1915; x_wconf 87' lang='lat' dir='ltr'>nostros</span> <span class='ocrx_word' id='word_1_78' title='bbox 993 1850 1139 1916; x_wconf 89' lang='lat' dir='ltr'>Damiate</span> <span class='ocrx_word' id='word_1_79' title='bbox 1163 1871 1285 1937; x_wconf 86' lang='lat' dir='ltr'>agentes</span> 
     </span>
     <span class='ocr_line' id='line_1_11' title="bbox 262 1937 1284 2022; baseline 0.003 -20"><span class='ocrx_word' id='word_1_80' title='bbox 262 1941 381 2003; x_wconf 87' lang='lat' dir='ltr'>ducere.</span> <span class='ocrx_word' id='word_1_81' title='bbox 397 1938 478 2002; x_wconf 88' lang='lat' dir='ltr'>Eum</span> <span class='ocrx_word' id='word_1_82' title='bbox 494 1955 619 2022; x_wconf 92' lang='lat' dir='ltr'>pontem</span> <span class='ocrx_word' id='word_1_83' title='bbox 634 1940 790 2001; x_wconf 89' lang='lat' dir='ltr'>modicum</span> <span class='ocrx_word' id='word_1_84' title='bbox 806 1938 950 2001; x_wconf 88' lang='lat' dir='ltr'>servatum</span> <span class='ocrx_word' id='word_1_85' title='bbox 967 1937 1096 2020; x_wconf 80' lang='lat' dir='ltr'>presidio</span> <span class='ocrx_word' id='word_1_86' title='bbox 1110 1963 1182 2004; x_wconf 88' lang='lat' dir='ltr'>curn</span> <span class='ocrx_word' id='word_1_87' title='bbox 1193 1942 1284 2005; x_wconf 83' lang='lat' dir='ltr'>nostri</span> 
     </span>
     <span class='ocr_line' id='line_1_12' title="bbox 263 2025 1391 2111; baseline 0.004 -21"><span class='ocrx_word' id='word_1_88' title='bbox 263 2025 467 2110; x_wconf 82' lang='lat' dir='ltr'>occupassent,</span> <span class='ocrx_word' id='word_1_89' title='bbox 481 2026 639 2107; x_wconf 89' lang='lat' dir='ltr'>paululum</span> <span class='ocrx_word' id='word_1_90' title='bbox 661 2025 802 2110; x_wconf 82' lang='lat' dir='ltr'>progredi</span> <span class='ocrx_word' id='word_1_91' title='bbox 824 2026 898 2088; x_wconf 90' lang='lat' dir='ltr'>sunt.</span> <span class='ocrx_word' id='word_1_92' title='bbox 914 2025 1060 2089; x_wconf 90' lang='lat' dir='ltr'>Postridie</span> <span class='ocrx_word' id='word_1_93' title='bbox 1079 2029 1286 2111; x_wconf 87' lang='lat' dir='ltr'>apostolomm</span> <span class='ocrx_word' id='word_1_94' title='bbox 1299 2033 1349 2079; x_wconf 74' lang='lat'>¹¹³⁰·</span> <span class='ocrx_word' id='word_1_95' title='bbox 1360 2046 1391 2094; x_wconf 83' lang='lat'>²9</span> 
     </span>
     <span class='ocr_line' id='line_1_13' title="bbox 263 2112 1285 2199; baseline 0.004 -21"><span class='ocrx_word' id='word_1_96' title='bbox 263 2113 342 2178; x_wconf 89' lang='lat' dir='ltr'>Petri</span> <span class='ocrx_word' id='word_1_97' title='bbox 357 2116 387 2177; x_wconf 77' lang='grc' dir='ltr'>δι</span> <span class='ocrx_word' id='word_1_98' title='bbox 401 2112 485 2176; x_wconf 89' lang='lat' dir='ltr'>Pauli</span> <span class='ocrx_word' id='word_1_99' title='bbox 499 2115 656 2177; x_wconf 86' lang='lat' dir='ltr'>nativitate</span> <span class='ocrx_word' id='word_1_100' title='bbox 670 2113 781 2176; x_wconf 86' lang='lat' dir='ltr'>celebri</span> <span class='ocrx_word' id='word_1_101' title='bbox 796 2113 891 2176; x_wconf 85' lang='lat' dir='ltr'>castra</span> <span class='ocrx_word' id='word_1_102' title='bbox 909 2113 975 2176; x_wconf 91' lang='lat' dir='ltr'>sunt</span> <span class='ocrx_word' id='word_1_103' title='bbox 998 2113 1093 2197; x_wconf 81' lang='lat' dir='ltr'>posita</span> <span class='ocrx_word' id='word_1_104' title='bbox 1114 2117 1209 2199; x_wconf 84' lang='lat' dir='ltr'>pallus</span> <span class='ocrx_word' id='word_1_105' title='bbox 1228 2120 1285 2182; x_wconf 89' lang='lat' dir='ltr'>tria</span> 
     </span>
     <span class='ocr_line' id='line_1_14' title="bbox 262 2200 1285 2286; baseline 0.004 -22"><span class='ocrx_word' id='word_1_106' title='bbox 262 2202 359 2265; x_wconf 88' lang='lat' dir='ltr'>millia</span> <span class='ocrx_word' id='word_1_107' title='bbox 382 2224 399 2265; x_wconf 90' lang='lat' dir='ltr'>a</span> <span class='ocrx_word' id='word_1_108' title='bbox 420 2201 577 2286; x_wconf 85' lang='lat' dir='ltr'>Babylone</span> <span class='ocrx_word' id='word_1_109' title='bbox 597 2202 762 2286; x_wconf 92' lang='lat' dir='ltr'>Cayroque</span> <span class='ocrx_word' id='word_1_110' title='bbox 786 2201 910 2280; x_wconf 82' lang='lat' dir='ltr'>semota,</span> <span class='ocrx_word' id='word_1_111' title='bbox 933 2200 963 2263; x_wconf 78' lang='grc' dir='ltr'>δι</span> <span class='ocrx_word' id='word_1_112' title='bbox 986 2224 1058 2265; x_wconf 91' lang='lat' dir='ltr'>cum</span> <span class='ocrx_word' id='word_1_113' title='bbox 1081 2224 1232 2267; x_wconf 87' lang='lat' dir='ltr'>annonam</span> <span class='ocrx_word' id='word_1_114' title='bbox 1254 2208 1285 2269; x_wconf 90' lang='lat' dir='ltr'>in</span> 
     </span>
     <span class='ocr_line' id='line_1_15' title="bbox 262 2288 1285 2374; baseline 0.002 -22"><span class='ocrx_word' id='word_1_115' title='bbox 262 2289 339 2354; x_wconf 89' lang='lat' dir='ltr'>duos</span> <span class='ocrx_word' id='word_1_116' title='bbox 364 2288 552 2352; x_wconf 78' lang='lat' dir='ltr'>suffedturam</span> <span class='ocrx_word' id='word_1_117' title='bbox 575 2290 690 2352; x_wconf 90' lang='lat' dir='ltr'>menses</span> <span class='ocrx_word' id='word_1_118' title='bbox 715 2290 808 2354; x_wconf 91' lang='lat' dir='ltr'>carris</span> <span class='ocrx_word' id='word_1_119' title='bbox 833 2289 934 2352; x_wconf 89' lang='lat' dir='ltr'>fecum</span> <span class='ocrx_word' id='word_1_120' title='bbox 948 2290 1149 2374; x_wconf 91' lang='lat' dir='ltr'>iumentisque</span> <span class='ocrx_word' id='word_1_121' title='bbox 1163 2292 1285 2356; x_wconf 91' lang='lat' dir='ltr'>detulis-</span> 
     </span>
     <span class='ocr_line' id='line_1_16' title="bbox 261 2373 1316 2460; baseline 0.004 -21"><span class='ocrx_word' id='word_1_122' title='bbox 261 2376 334 2456; x_wconf 86' lang='lat' dir='ltr'>sent,</span> <span class='ocrx_word' id='word_1_123' title='bbox 344 2376 438 2440; x_wconf 86' lang='lat' dir='ltr'>claffis</span> <span class='ocrx_word' id='word_1_124' title='bbox 452 2379 543 2440; x_wconf 90' lang='lat' dir='ltr'>etiam</span> <span class='ocrx_word' id='word_1_125' title='bbox 558 2377 681 2439; x_wconf 89' lang='lat' dir='ltr'>adverso</span> <span class='ocrx_word' id='word_1_126' title='bbox 696 2375 817 2439; x_wconf 71' lang='lat' dir='ltr'>ductam</span> <span class='ocrx_word' id='word_1_127' title='bbox 829 2376 905 2440; x_wconf 93' lang='lat' dir='ltr'>Nilo</span> <span class='ocrx_word' id='word_1_128' title='bbox 924 2378 1099 2440; x_wconf 88' lang='lat' dir='ltr'>tantandem</span> <span class='ocrx_word' id='word_1_129' title='bbox 1110 2380 1286 2460; x_wconf 84' lang='lat' dir='ltr'>adduxerat,</span> <span class='ocrx_word' id='word_1_130' title='bbox 1310 2373 1316 2383; x_wconf 75' lang='grc'>’</span> 
     </span>
     <span class='ocr_line' id='line_1_17' title="bbox 261 2463 1285 2549; baseline 0.005 -22"><span class='ocrx_word' id='word_1_131' title='bbox 261 2481 296 2528; x_wconf 92' lang='lat' dir='ltr'>ut</span> <span class='ocrx_word' id='word_1_132' title='bbox 308 2466 458 2528; x_wconf 89' lang='lat' dir='ltr'>innumeri</span> <span class='ocrx_word' id='word_1_133' title='bbox 473 2465 552 2549; x_wconf 90' lang='lat' dir='ltr'>apud</span> <span class='ocrx_word' id='word_1_134' title='bbox 568 2463 757 2548; x_wconf 85' lang='lat' dir='ltr'>Babylonem</span> <span class='ocrx_word' id='word_1_135' title='bbox 773 2465 970 2548; x_wconf 88' lang='lat' dir='ltr'>Cayrumque</span> <span class='ocrx_word' id='word_1_136' title='bbox 991 2464 1181 2546; x_wconf 88' lang='lat' dir='ltr'>ampliffimas</span> <span class='ocrx_word' id='word_1_137' title='bbox 1195 2469 1285 2533; x_wconf 89' lang='lat' dir='ltr'>urbes</span> 
     </span>
     <span class='ocr_line' id='line_1_18' title="bbox 260 2551 1284 2635; baseline 0.002 -20"><span class='ocrx_word' id='word_1_138' title='bbox 260 2552 359 2616; x_wconf 74' lang='lat' dir='ltr'>eoaffl</span> <span class='ocrx_word' id='word_1_139' title='bbox 375 2553 492 2615; x_wconf 89' lang='lat' dir='ltr'>barbari</span> <span class='ocrx_word' id='word_1_140' title='bbox 508 2552 679 2614; x_wconf 87' lang='lat' dir='ltr'>abannona</span> <span class='ocrx_word' id='word_1_141' title='bbox 694 2553 883 2635; x_wconf 89' lang='lat' dir='ltr'>priusquam</span> <span class='ocrx_word' id='word_1_142' title='bbox 901 2551 1051 2615; x_wconf 87' lang='lat' dir='ltr'>christiani</span> <span class='ocrx_word' id='word_1_143' title='bbox 1066 2553 1178 2618; x_wconf 90' lang='lat' dir='ltr'>milites</span> <span class='ocrx_word' id='word_1_144' title='bbox 1198 2555 1284 2617; x_wconf 92' lang='lat' dir='ltr'>vide-</span> 
     </span>
     <span class='ocr_line' id='line_1_19' title="bbox 260 2639 1286 2723; baseline 0.004 -21"><span class='ocrx_word' id='word_1_145' title='bbox 260 2655 365 2703; x_wconf 90' lang='lat' dir='ltr'>rentur</span> <span class='ocrx_word' id='word_1_146' title='bbox 391 2639 573 2716; x_wconf 72' lang='lat' dir='ltr'>laboraturi,</span> <span class='ocrx_word' id='word_1_147' title='bbox 600 2639 665 2722; x_wconf 92' lang='lat' dir='ltr'>spes</span> <span class='ocrx_word' id='word_1_148' title='bbox 692 2640 794 2723; x_wconf 89' lang='lat' dir='ltr'>itaque</span> <span class='ocrx_word' id='word_1_149' title='bbox 818 2641 959 2702; x_wconf 90' lang='lat' dir='ltr'>vincendi</span> <span class='ocrx_word' id='word_1_150' title='bbox 984 2639 1102 2704; x_wconf 90' lang='lat' dir='ltr'>nostros</span> <span class='ocrx_word' id='word_1_151' title='bbox 1117 2641 1286 2706; x_wconf 84' lang='lat' dir='ltr'>solidiffima</span> 
     </span>
     <span class='ocr_line' id='line_1_20' title="bbox 264 2726 1285 2810; baseline 0.003 -20"><span class='ocrx_word' id='word_1_152' title='bbox 264 2728 443 2790; x_wconf 85' lang='lat' dir='ltr'>hortabatur</span> <span class='ocrx_word' id='word_1_153' title='bbox 462 2727 533 2788; x_wconf 90' lang='lat' dir='ltr'>inde</span> <span class='ocrx_word' id='word_1_154' title='bbox 556 2726 665 2804; x_wconf 87' lang='lat' dir='ltr'>futura,</span> <span class='ocrx_word' id='word_1_155' title='bbox 688 2741 722 2787; x_wconf 93' lang='lat' dir='ltr'>ut</span> <span class='ocrx_word' id='word_1_156' title='bbox 745 2727 915 2805; x_wconf 89' lang='lat' dir='ltr'>videbatur,</span> <span class='ocrx_word' id='word_1_157' title='bbox 936 2728 1057 2806; x_wconf 88' lang='lat' dir='ltr'>certior,</span> <span class='ocrx_word' id='word_1_158' title='bbox 1072 2749 1134 2810; x_wconf 91' lang='lat' dir='ltr'>quo</span> <span class='ocrx_word' id='word_1_159' title='bbox 1157 2729 1285 2792; x_wconf 89' lang='lat' dir='ltr'>celerius</span> 
     </span>
     <span class='ocr_line' id='line_1_21' title="bbox 262 2813 1284 2900; baseline 0.003 -23"><span class='ocrx_word' id='word_1_160' title='bbox 262 2815 453 2898; x_wconf 91' lang='lat' dir='ltr'>contingeret</span> <span class='ocrx_word' id='word_1_161' title='bbox 466 2813 639 2896; x_wconf 86' lang='lat' dir='ltr'>depugnari.</span> <span class='ocrx_word' id='word_1_162' title='bbox 655 2813 715 2876; x_wconf 91' lang='lat' dir='ltr'>Hic</span> <span class='ocrx_word' id='word_1_163' title='bbox 730 2829 862 2878; x_wconf 87' lang='lat' dir='ltr'>tentatus</span> <span class='ocrx_word' id='word_1_164' title='bbox 876 2814 944 2895; x_wconf 88' lang='lat' dir='ltr'>sepe</span> <span class='ocrx_word' id='word_1_165' title='bbox 957 2813 1050 2879; x_wconf 89' lang='lat' dir='ltr'>hostis</span> <span class='ocrx_word' id='word_1_166' title='bbox 1070 2814 1137 2899; x_wconf 92' lang='lat' dir='ltr'>sepe</span> <span class='ocrx_word' id='word_1_167' title='bbox 1155 2819 1193 2879; x_wconf 93' lang='lat' dir='ltr'>ad</span> <span class='ocrx_word' id='word_1_168' title='bbox 1213 2839 1284 2900; x_wconf 91' lang='lat' dir='ltr'>pro-</span> 
     </span>
     <span class='ocr_line' id='line_1_22' title="bbox 262 2901 1284 2986; baseline 0.003 -21"><span class='ocrx_word' id='word_1_169' title='bbox 262 2903 415 2965; x_wconf 91' lang='lat' dir='ltr'>deundum</span> <span class='ocrx_word' id='word_1_170' title='bbox 431 2905 462 2964; x_wconf 91' lang='lat' dir='ltr'>in</span> <span class='ocrx_word' id='word_1_171' title='bbox 477 2902 574 2963; x_wconf 91' lang='lat' dir='ltr'>aciem</span> <span class='ocrx_word' id='word_1_172' title='bbox 589 2917 771 2984; x_wconf 89' lang='lat' dir='ltr'>provocatus</span> <span class='ocrx_word' id='word_1_173' title='bbox 784 2901 836 2981; x_wconf 84' lang='lat' dir='ltr'>est,</span> <span class='ocrx_word' id='word_1_174' title='bbox 850 2903 902 2985; x_wconf 93' lang='lat' dir='ltr'>qui</span> <span class='ocrx_word' id='word_1_175' title='bbox 925 2917 1008 2964; x_wconf 90' lang='lat' dir='ltr'>metu</span> <span class='ocrx_word' id='word_1_176' title='bbox 1023 2902 1052 2965; x_wconf 81' lang='lat' dir='ltr'>dr</span> <span class='ocrx_word' id='word_1_177' title='bbox 1067 2924 1179 2986; x_wconf 87' lang='lat' dir='ltr'>pavore</span> <span class='ocrx_word' id='word_1_178' title='bbox 1194 2903 1284 2968; x_wconf 83' lang='lat' dir='ltr'>stmu-</span> 
     </span>
     <span class='ocr_line' id='line_1_23' title="bbox 262 2986 1285 3074; baseline 0.003 -20"><span class='ocrx_word' id='word_1_179' title='bbox 262 2991 324 3054; x_wconf 87' lang='lat' dir='ltr'>lato</span> <span class='ocrx_word' id='word_1_180' title='bbox 333 3012 387 3074; x_wconf 93' lang='lat' dir='ltr'>per</span> <span class='ocrx_word' id='word_1_181' title='bbox 395 2991 459 3053; x_wconf 90' lang='lat' dir='ltr'>dies</span> <span class='ocrx_word' id='word_1_182' title='bbox 471 2986 602 3073; x_wconf 85' lang='lat' dir='ltr'>stngulos</span> <span class='ocrx_word' id='word_1_183' title='bbox 613 2991 760 3053; x_wconf 91' lang='lat' dir='ltr'>maiorem</span> <span class='ocrx_word' id='word_1_184' title='bbox 772 2992 938 3072; x_wconf 91' lang='lat' dir='ltr'>perniciem</span> <span class='ocrx_word' id='word_1_185' title='bbox 948 2991 979 3052; x_wconf 89' lang='lat' dir='ltr'>in</span> <span class='ocrx_word' id='word_1_186' title='bbox 990 2991 1108 3055; x_wconf 89' lang='lat' dir='ltr'>nostros</span> <span class='ocrx_word' id='word_1_187' title='bbox 1119 2993 1285 3058; x_wconf 88' lang='lat' dir='ltr'>inauditam</span> 
     </span>
     <span class='ocr_line' id='line_1_24' title="bbox 262 3076 1285 3164; baseline 0.005 -26"><span class='ocrx_word' id='word_1_188' title='bbox 262 3077 506 3153; x_wconf 71' lang='lat' dir='ltr'>machinabatur,</span> <span class='ocrx_word' id='word_1_189' title='bbox 521 3077 631 3140; x_wconf 91' lang='lat' dir='ltr'>Nilum</span> <span class='ocrx_word' id='word_1_190' title='bbox 644 3098 777 3156; x_wconf 88' lang='lat' dir='ltr'>amnem,</span> <span class='ocrx_word' id='word_1_191' title='bbox 790 3099 860 3140; x_wconf 90' lang='lat' dir='ltr'>cum</span> <span class='ocrx_word' id='word_1_192' title='bbox 880 3076 1070 3160; x_wconf 89' lang='lat' dir='ltr'>Babylonem</span> <span class='ocrx_word' id='word_1_193' title='bbox 1087 3079 1285 3164; x_wconf 87' lang='lat' dir='ltr'>Cayrumque</span> 
     </span>
     <span class='ocr_line' id='line_1_25' title="bbox 263 3164 1284 3252; baseline 0.005 -25"><span class='ocrx_word' id='word_1_194' title='bbox 263 3165 458 3248; x_wconf 90' lang='lat' dir='ltr'>preterlapsus</span> <span class='ocrx_word' id='word_1_195' title='bbox 472 3166 524 3244; x_wconf 80' lang='lat' dir='ltr'>esf,</span> <span class='ocrx_word' id='word_1_196' title='bbox 536 3167 669 3248; x_wconf 91' lang='lat' dir='ltr'>undique</span> <span class='ocrx_word' id='word_1_197' title='bbox 681 3181 825 3228; x_wconf 90' lang='lat' dir='ltr'>coercent</span> <span class='ocrx_word' id='word_1_198' title='bbox 838 3167 903 3248; x_wconf 88' lang='lat' dir='ltr'>ripe</span> <span class='ocrx_word' id='word_1_199' title='bbox 915 3164 1092 3230; x_wconf 90' lang='lat' dir='ltr'>elevatiores</span> <span class='ocrx_word' id='word_1_200' title='bbox 1103 3167 1213 3231; x_wconf 91' lang='lat' dir='ltr'>alicubi</span> <span class='ocrx_word' id='word_1_201' title='bbox 1230 3190 1284 3252; x_wconf 90' lang='lat' dir='ltr'>pro</span> 
     </span>
     <span class='ocr_line' id='line_1_26' title="bbox 262 3252 1285 3340; baseline 0.005 -26"><span class='ocrx_word' id='word_1_202' title='bbox 262 3252 315 3314; x_wconf 91' lang='lat' dir='ltr'>soli</span> <span class='ocrx_word' id='word_1_203' title='bbox 336 3254 515 3332; x_wconf 79' lang='lat' dir='ltr'>necessitate,</span> <span class='ocrx_word' id='word_1_204' title='bbox 529 3254 640 3316; x_wconf 88' lang='lat' dir='ltr'>alicubi</span> <span class='ocrx_word' id='word_1_205' title='bbox 662 3254 856 3336; x_wconf 83' lang='lat' dir='ltr'>depressiores</span> <span class='ocrx_word' id='word_1_206' title='bbox 870 3254 1034 3332; x_wconf 64' lang='lat' dir='ltr'>catharam,</span> <span class='ocrx_word' id='word_1_207' title='bbox 1048 3274 1107 3336; x_wconf 91' lang='lat' dir='ltr'>que</span> <span class='ocrx_word' id='word_1_208' title='bbox 1125 3271 1208 3318; x_wconf 87' lang='lat' dir='ltr'>certa</span> <span class='ocrx_word' id='word_1_209' title='bbox 1221 3256 1285 3340; x_wconf 92' lang='lat' dir='ltr'>spa-</span> 
     </span>
     <span class='ocr_line' id='line_1_27' title="bbox 263 3338 1285 3425; baseline 0.006 -23"><span class='ocrx_word' id='word_1_210' title='bbox 263 3341 376 3402; x_wconf 92' lang='lat' dir='ltr'>tiorum</span> <span class='ocrx_word' id='word_1_211' title='bbox 402 3343 600 3425; x_wconf 90' lang='lat' dir='ltr'>proportione</span> <span class='ocrx_word' id='word_1_212' title='bbox 623 3342 653 3403; x_wconf 90' lang='lat' dir='ltr'>in</span> <span class='ocrx_word' id='word_1_213' title='bbox 675 3343 849 3424; x_wconf 85' lang='lat' dir='ltr'>regionibus</span> <span class='ocrx_word' id='word_1_214' title='bbox 870 3342 937 3404; x_wconf 89' lang='lat' dir='ltr'>sunt</span> <span class='ocrx_word' id='word_1_215' title='bbox 954 3338 1102 3424; x_wconf 80' lang='lat' dir='ltr'>disposite,</span> <span class='ocrx_word' id='word_1_216' title='bbox 1116 3342 1154 3404; x_wconf 97' lang='lat' dir='ltr'>de</span> <span class='ocrx_word' id='word_1_217' title='bbox 1175 3343 1285 3425; x_wconf 89' lang='lat' dir='ltr'>quibus</span> 
     </span>
     <span class='ocr_line' id='line_1_28' title="bbox 264 3427 1286 3513; baseline 0.004 -23"><span class='ocrx_word' id='word_1_218' title='bbox 264 3430 326 3511; x_wconf 84' lang='lat' dir='ltr'>agri</span> <span class='ocrx_word' id='word_1_219' title='bbox 348 3429 512 3492; x_wconf 89' lang='lat' dir='ltr'>constituto</span> <span class='ocrx_word' id='word_1_220' title='bbox 533 3445 672 3512; x_wconf 86' lang='lat' dir='ltr'>tempore</span> <span class='ocrx_word' id='word_1_221' title='bbox 693 3429 888 3492; x_wconf 86' lang='lat' dir='ltr'>inundantur.</span> <span class='ocrx_word' id='word_1_222' title='bbox 904 3427 1066 3511; x_wconf 90' lang='lat' dir='ltr'>Postquam</span> <span class='ocrx_word' id='word_1_223' title='bbox 1087 3430 1176 3513; x_wconf 90' lang='lat' dir='ltr'>igitur</span> <span class='ocrx_word' id='word_1_224' title='bbox 1193 3432 1286 3494; x_wconf 88' lang='lat' dir='ltr'>clrris·</span> 
     </span>
     <span class='ocr_line' id='line_1_29' title="bbox 264 3513 1285 3602; baseline 0.003 -24"><span class='ocrx_word' id='word_1_225' title='bbox 264 3515 337 3578; x_wconf 86' lang='lat' dir='ltr'>tiani</span> <span class='ocrx_word' id='word_1_226' title='bbox 351 3517 428 3580; x_wconf 93' lang='lat' dir='ltr'>duos</span> <span class='ocrx_word' id='word_1_227' title='bbox 443 3518 472 3579; x_wconf 91' lang='lat' dir='ltr'>in</span> <span class='ocrx_word' id='word_1_228' title='bbox 487 3517 589 3580; x_wconf 86' lang='lat' dir='ltr'>castris</span> <span class='ocrx_word' id='word_1_229' title='bbox 603 3516 776 3596; x_wconf 82' lang='lat' dir='ltr'>desederant</span> <span class='ocrx_word' id='word_1_230' title='bbox 787 3516 911 3594; x_wconf 91' lang='lat' dir='ltr'>menses,</span> <span class='ocrx_word' id='word_1_231' title='bbox 925 3513 1145 3580; x_wconf 81' lang='lat' dir='ltr'>incursionibus</span> <span class='ocrx_word' id='word_1_232' title='bbox 1156 3519 1285 3602; x_wconf 93' lang='lat' dir='ltr'>popula-</span> 
     </span>
     <span class='ocr_line' id='line_1_30' title="bbox 264 3601 1286 3686; baseline 0.005 -21"><span class='ocrx_word' id='word_1_233' title='bbox 264 3603 454 3686; x_wconf 88' lang='lat' dir='ltr'>tionibusque</span> <span class='ocrx_word' id='word_1_234' title='bbox 478 3605 582 3683; x_wconf 90' lang='lat' dir='ltr'>satiati,</span> <span class='ocrx_word' id='word_1_235' title='bbox 605 3601 722 3666; x_wconf 82' lang='lat' dir='ltr'>occasio</span> <span class='ocrx_word' id='word_1_236' title='bbox 747 3605 799 3666; x_wconf 90' lang='lat' dir='ltr'>diu</span> <span class='ocrx_word' id='word_1_237' title='bbox 824 3604 982 3686; x_wconf 65' lang='lat' dir='ltr'>expeslata</span> <span class='ocrx_word' id='word_1_238' title='bbox 1008 3603 1141 3667; x_wconf 86' lang='lat' dir='ltr'>Soldano</span> <span class='ocrx_word' id='word_1_239' title='bbox 1160 3607 1286 3670; x_wconf 87' lang='lat' dir='ltr'>obvenit</span> 
     </span>
     <span class='ocr_line' id='line_1_31' title="bbox 264 3687 1284 3774; baseline 0.005 -23"><span class='ocrx_word' id='word_1_240' title='bbox 264 3687 331 3752; x_wconf 90' lang='lat' dir='ltr'>Nili</span> <span class='ocrx_word' id='word_1_241' title='bbox 347 3691 377 3752; x_wconf 93' lang='lat' dir='ltr'>in</span> <span class='ocrx_word' id='word_1_242' title='bbox 393 3693 521 3756; x_wconf 89' lang='lat' dir='ltr'>summas</span> <span class='ocrx_word' id='word_1_243' title='bbox 535 3694 613 3774; x_wconf 86' lang='lat' dir='ltr'>ripas</span> <span class='ocrx_word' id='word_1_244' title='bbox 627 3690 715 3754; x_wconf 89' lang='lat' dir='ltr'>solito</span> <span class='ocrx_word' id='word_1_245' title='bbox 729 3693 819 3754; x_wconf 88' lang='lat' dir='ltr'>citius</span> <span class='ocrx_word' id='word_1_246' title='bbox 833 3690 1000 3769; x_wconf 70' lang='lat' dir='ltr'>tumefadli,</span> <span class='ocrx_word' id='word_1_247' title='bbox 1013 3713 1074 3774; x_wconf 88' lang='lat' dir='ltr'>qua</span> <span class='ocrx_word' id='word_1_248' title='bbox 1086 3691 1179 3756; x_wconf 87' lang='lat' dir='ltr'>fretus</span> <span class='ocrx_word' id='word_1_249' title='bbox 1193 3714 1284 3756; x_wconf 87' lang='lat' dir='ltr'>occa-</span> 
     </span>
     <span class='ocr_line' id='line_1_32' title="bbox 263 3776 1283 3862; baseline 0.007 -23"><span class='ocrx_word' id='word_1_250' title='bbox 263 3776 346 3840; x_wconf 76' lang='lat' dir='ltr'>stone</span> <span class='ocrx_word' id='word_1_251' title='bbox 359 3781 526 3843; x_wconf 86' lang='lat' dir='ltr'>catharatas</span> <span class='ocrx_word' id='word_1_252' title='bbox 541 3780 654 3862; x_wconf 88' lang='lat' dir='ltr'>ubique</span> <span class='ocrx_word' id='word_1_253' title='bbox 676 3800 738 3841; x_wconf 92' lang='lat' dir='ltr'>non</span> <span class='ocrx_word' id='word_1_254' title='bbox 757 3779 852 3862; x_wconf 86' lang='lat' dir='ltr'>magis</span> <span class='ocrx_word' id='word_1_255' title='bbox 872 3779 1017 3856; x_wconf 87' lang='lat' dir='ltr'>amoveri,</span> <span class='ocrx_word' id='word_1_256' title='bbox 1031 3800 1123 3861; x_wconf 87' lang='lat' dir='ltr'>quarn</span> <span class='ocrx_word' id='word_1_257' title='bbox 1144 3780 1223 3861; x_wconf 90' lang='lat' dir='ltr'>ripas</span> <span class='ocrx_word' id='word_1_258' title='bbox 1246 3784 1283 3846; x_wconf 88' lang='lat' dir='ltr'>ad</span> 
     </span>
     <span class='ocr_line' id='line_1_33' title="bbox 263 3866 1285 3949; baseline 0.001 -21"><span class='ocrx_word' id='word_1_259' title='bbox 263 3867 360 3928; x_wconf 87' lang='lat' dir='ltr'>amnis</span> <span class='ocrx_word' id='word_1_260' title='bbox 374 3866 501 3928; x_wconf 90' lang='lat' dir='ltr'>fundum</span> <span class='ocrx_word' id='word_1_261' title='bbox 516 3867 617 3929; x_wconf 87' lang='lat' dir='ltr'>defodi</span> <span class='ocrx_word' id='word_1_262' title='bbox 632 3868 758 3944; x_wconf 82' lang='lat' dir='ltr'>curavit,</span> <span class='ocrx_word' id='word_1_263' title='bbox 777 3880 1064 3948; x_wconf 90' lang='lat' dir='ltr'>cooperueruntque</span> <span class='ocrx_word' id='word_1_264' title='bbox 1080 3866 1164 3929; x_wconf 90' lang='lat' dir='ltr'>illico</span> <span class='ocrx_word' id='word_1_265' title='bbox 1186 3869 1285 3949; x_wconf 89' lang='lat' dir='ltr'>regio-</span> 
     </span>
     <span class='ocr_line' id='line_1_34' title="bbox 263 3952 1286 4037; baseline 0.002 -21"><span class='ocrx_word' id='word_1_266' title='bbox 263 3973 345 4031; x_wconf 89' lang='lat' dir='ltr'>nem,</span> <span class='ocrx_word' id='word_1_267' title='bbox 365 3968 456 4037; x_wconf 90' lang='lat' dir='ltr'>atque</span> <span class='ocrx_word' id='word_1_268' title='bbox 481 3971 514 4016; x_wconf 90' lang='lat' dir='ltr'>ut</span> <span class='ocrx_word' id='word_1_269' title='bbox 532 3953 763 4017; x_wconf 84' lang='lat' dir='ltr'>christianorum</span> <span class='ocrx_word' id='word_1_270' title='bbox 787 3953 897 4032; x_wconf 85' lang='lat' dir='ltr'>castris,</span> <span class='ocrx_word' id='word_1_271' title='bbox 912 3953 963 4015; x_wconf 93' lang='lat' dir='ltr'>ubi</span> <span class='ocrx_word' id='word_1_272' title='bbox 987 3952 1082 4015; x_wconf 91' lang='lat' dir='ltr'>solum</span> <span class='ocrx_word' id='word_1_273' title='bbox 1107 3970 1214 4017; x_wconf 87' lang='lat' dir='ltr'>natura</span> <span class='ocrx_word' id='word_1_274' title='bbox 1233 3971 1286 4018; x_wconf 89' lang='lat' dir='ltr'>aut</span> 
     </span>
     <span class='ocr_line' id='line_1_35' title="bbox 263 4039 1284 4124; baseline 0.002 -21"><span class='ocrx_word' id='word_1_275' title='bbox 263 4040 405 4124; x_wconf 77' lang='lat' dir='ltr'>congelle</span> <span class='ocrx_word' id='word_1_276' title='bbox 424 4059 504 4105; x_wconf 90' lang='lat' dir='ltr'>terra</span> <span class='ocrx_word' id='word_1_277' title='bbox 524 4041 669 4105; x_wconf 87' lang='lat' dir='ltr'>elevatius</span> <span class='ocrx_word' id='word_1_278' title='bbox 690 4057 762 4120; x_wconf 83' lang='lat' dir='ltr'>erat,</span> <span class='ocrx_word' id='word_1_279' title='bbox 776 4041 870 4103; x_wconf 90' lang='lat' dir='ltr'>cubiti</span> <span class='ocrx_word' id='word_1_280' title='bbox 892 4039 1081 4103; x_wconf 90' lang='lat' dir='ltr'>altitudinem</span> <span class='ocrx_word' id='word_1_281' title='bbox 1102 4041 1284 4124; x_wconf 87' lang='lat' dir='ltr'>superarent.</span> 
     </span>
     <span class='ocr_line' id='line_1_36' title="bbox 167 4124 1282 4212; baseline 0.006 -28"><span class='ocrx_word' id='word_1_282' title='bbox 167 4137 220 4184; x_wconf 70' lang='grc' dir='ltr'>,ιῑΐ</span> <span class='ocrx_word' id='word_1_283' title='bbox 230 4155 251 4184; x_wconf 74' lang='lat' dir='ltr'>r.</span> <span class='ocrx_word' id='word_1_284' title='bbox 263 4124 411 4190; x_wconf 88' lang='lat' dir='ltr'>lumentis</span> <span class='ocrx_word' id='word_1_285' title='bbox 434 4150 506 4191; x_wconf 91' lang='lat' dir='ltr'>vero</span> <span class='ocrx_word' id='word_1_286' title='bbox 531 4128 645 4192; x_wconf 83' lang='lat' dir='ltr'>sublata</span> <span class='ocrx_word' id='word_1_287' title='bbox 663 4129 799 4211; x_wconf 86' lang='lat' dir='ltr'>inprimis</span> <span class='ocrx_word' id='word_1_288' title='bbox 829 4127 967 4210; x_wconf 87' lang='lat' dir='ltr'>pascendi</span> <span class='ocrx_word' id='word_1_289' title='bbox 997 4127 1133 4208; x_wconf 85' lang='lat' dir='ltr'>facultas,</span> <span class='ocrx_word' id='word_1_290' title='bbox 1153 4128 1183 4191; x_wconf 79' lang='lat' dir='ltr'>dv</span> <span class='ocrx_word' id='word_1_291' title='bbox 1201 4131 1282 4212; x_wconf 90' lang='lat' dir='ltr'>quod</span> 
     </span>
     <span class='ocr_line' id='line_1_37' title="bbox 264 4213 1284 4299; baseline 0 -22"><span class='ocrx_word' id='word_1_292' title='bbox 264 4214 400 4279; x_wconf 82' lang='lat' dir='ltr'>incastris</span> <span class='ocrx_word' id='word_1_293' title='bbox 411 4231 549 4299; x_wconf 86' lang='lat' dir='ltr'>paratum</span> <span class='ocrx_word' id='word_1_294' title='bbox 558 4215 822 4294; x_wconf 60' lang='lat' dir='ltr'>maadestrudtum</span> <span class='ocrx_word' id='word_1_295' title='bbox 832 4213 874 4276; x_wconf 87' lang='lat' dir='ltr'>est</span> <span class='ocrx_word' id='word_1_296' title='bbox 883 4214 1098 4290; x_wconf 83' lang='lat' dir='ltr'>llramen3tum</span> <span class='ocrx_word' id='word_1_297' title='bbox 1106 4236 1164 4277; x_wconf 92' lang='lat' dir='ltr'>nec</span> <span class='ocrx_word' id='word_1_298' title='bbox 1170 4214 1284 4299; x_wconf 91' lang='lat' dir='ltr'>aliquid</span> 
     </span>
     <span class='ocr_line' id='line_1_38' title="bbox 263 4300 1284 4386; baseline 0 -21"><span class='ocrx_word' id='word_1_299' title='bbox 263 4303 319 4365; x_wconf 92' lang='lat' dir='ltr'>suit</span> <span class='ocrx_word' id='word_1_300' title='bbox 334 4302 457 4382; x_wconf 90' lang='lat' dir='ltr'>salvum,</span> <span class='ocrx_word' id='word_1_301' title='bbox 471 4325 532 4386; x_wconf 92' lang='lat' dir='ltr'>quo</span> <span class='ocrx_word' id='word_1_302' title='bbox 547 4302 691 4366; x_wconf 86' lang='lat' dir='ltr'>mortales</span> <span class='ocrx_word' id='word_1_303' title='bbox 706 4303 859 4386; x_wconf 91' lang='lat' dir='ltr'>potuerint</span> <span class='ocrx_word' id='word_1_304' title='bbox 872 4301 921 4364; x_wconf 93' lang='lat' dir='ltr'>vel</span> <span class='ocrx_word' id='word_1_305' title='bbox 936 4302 1035 4364; x_wconf 88' lang='lat' dir='ltr'>triduo</span> <span class='ocrx_word' id='word_1_306' title='bbox 1053 4300 1233 4365; x_wconf 86' lang='lat' dir='ltr'>substentari.</span> <span class='ocrx_word' id='word_1_307' title='bbox 1247 4301 1284 4365; x_wconf 94' lang='lat' dir='ltr'>ln</span> 
     </span>
     <span class='ocr_line' id='line_1_39' title="bbox 264 4388 1285 4472; baseline 0 -20"><span class='ocrx_word' id='word_1_308' title='bbox 264 4409 332 4452; x_wconf 91' lang='lat' dir='ltr'>eam</span> <span class='ocrx_word' id='word_1_309' title='bbox 346 4390 467 4453; x_wconf 65' lang='lat' dir='ltr'>addusti</span> <span class='ocrx_word' id='word_1_310' title='bbox 483 4411 585 4452; x_wconf 88' lang='lat' dir='ltr'>rerum</span> <span class='ocrx_word' id='word_1_311' title='bbox 599 4391 807 4453; x_wconf 87' lang='lat' dir='ltr'>difficultatem</span> <span class='ocrx_word' id='word_1_312' title='bbox 821 4388 974 4452; x_wconf 88' lang='lat' dir='ltr'>christiani</span> <span class='ocrx_word' id='word_1_313' title='bbox 984 4389 1042 4451; x_wconf 91' lang='lat' dir='ltr'>alia</span> <span class='ocrx_word' id='word_1_314' title='bbox 1056 4410 1180 4471; x_wconf 92' lang='lat' dir='ltr'>quoque</span> <span class='ocrx_word' id='word_1_315' title='bbox 1194 4409 1285 4472; x_wconf 89' lang='lat' dir='ltr'>ange-</span> 
     </span>
     <span class='ocr_line' id='line_1_40' title="bbox 266 4475 1285 4561; baseline 0 -22"><span class='ocrx_word' id='word_1_316' title='bbox 266 4477 374 4540; x_wconf 85' lang='lat' dir='ltr'>bantur</span> <span class='ocrx_word' id='word_1_317' title='bbox 401 4479 532 4554; x_wconf 84' lang='lat' dir='ltr'>maiore;</span> <span class='ocrx_word' id='word_1_318' title='bbox 559 4480 642 4561; x_wconf 92' lang='lat' dir='ltr'>quod</span> <span class='ocrx_word' id='word_1_319' title='bbox 669 4479 793 4541; x_wconf 90' lang='lat' dir='ltr'>redituri</span> <span class='ocrx_word' id='word_1_320' title='bbox 822 4476 997 4540; x_wconf 86' lang='lat' dir='ltr'>Damiatam</span> <span class='ocrx_word' id='word_1_321' title='bbox 1025 4475 1146 4540; x_wconf 78' lang='lat' dir='ltr'>altiores</span> <span class='ocrx_word' id='word_1_322' title='bbox 1174 4477 1285 4540; x_wconf 92' lang='lat' dir='ltr'>alicubi</span> 
     </span>
     <span class='ocr_line' id='line_1_41' title="bbox 265 4562 1285 4647; baseline 0 -22"><span class='ocrx_word' id='word_1_323' title='bbox 265 4564 402 4646; x_wconf 85' lang='lat' dir='ltr'>depreffis</span> <span class='ocrx_word' id='word_1_324' title='bbox 428 4564 503 4628; x_wconf 91' lang='lat' dir='ltr'>locis</span> <span class='ocrx_word' id='word_1_325' title='bbox 516 4585 608 4647; x_wconf 84' lang='lat' dir='ltr'>aquas</span> <span class='ocrx_word' id='word_1_326' title='bbox 637 4565 770 4629; x_wconf 89' lang='lat' dir='ltr'>incidere</span> <span class='ocrx_word' id='word_1_327' title='bbox 791 4566 982 4641; x_wconf 89' lang='lat' dir='ltr'>verebantur,</span> <span class='ocrx_word' id='word_1_328' title='bbox 1006 4577 1040 4626; x_wconf 94' lang='lat' dir='ltr'>ut</span> <span class='ocrx_word' id='word_1_329' title='bbox 1060 4562 1144 4626; x_wconf 87' lang='lat' dir='ltr'>nulla</span> <span class='ocrx_word' id='word_1_330' title='bbox 1163 4565 1212 4626; x_wconf 91' lang='lat' dir='ltr'>via</span> <span class='ocrx_word' id='word_1_331' title='bbox 1231 4563 1285 4628; x_wconf 81' lang='lat' dir='ltr'>nisi</span> 
     </span>
     <span class='ocr_line' id='line_1_42' title="bbox 267 4651 1285 4737; baseline 0.001 -23"><span class='ocrx_word' id='word_1_332' title='bbox 267 4673 321 4736; x_wconf 93' lang='lat' dir='ltr'>per</span> <span class='ocrx_word' id='word_1_333' title='bbox 335 4653 402 4717; x_wconf 93' lang='lat' dir='ltr'>Nili</span> <span class='ocrx_word' id='word_1_334' title='bbox 416 4675 540 4737; x_wconf 84' lang='lat' dir='ltr'>aggeres</span> <span class='ocrx_word' id='word_1_335' title='bbox 554 4669 619 4716; x_wconf 90' lang='lat' dir='ltr'>tuta</span> <span class='ocrx_word' id='word_1_336' title='bbox 639 4655 677 4716; x_wconf 92' lang='lat' dir='ltr'>ab</span> <span class='ocrx_word' id='word_1_337' title='bbox 699 4675 845 4737; x_wconf 88' lang='lat' dir='ltr'>aquarum</span> <span class='ocrx_word' id='word_1_338' title='bbox 867 4651 1004 4737; x_wconf 92' lang='lat' dir='ltr'>periculo</span> <span class='ocrx_word' id='word_1_339' title='bbox 1018 4652 1180 4730; x_wconf 91' lang='lat' dir='ltr'>videretur,</span> <span class='ocrx_word' id='word_1_340' title='bbox 1193 4672 1285 4735; x_wconf 90' lang='lat' dir='ltr'>quarn</span> 
     </span>
    </p>
   </div>
   <div class='ocr_carea' id='block_1_3' title="bbox 0 0 2093 6500">
    <p class='ocr_par' dir='ltr' id='par_1_3' title="bbox 0 0 2093 6500">
     <span class='ocr_line' id='line_1_43' title="bbox 0 0 2093 6500; baseline 0 0"><span class='ocrx_word' id='word_1_341' title='bbox 0 0 2093 6500; x_wconf 95' lang='lat' dir='ltr'> </span> 
     </span>
    </p>
   </div>
  </div>
 </body>
</html>
