<?xml version="1.0" encoding="UTF-8"?>
<!DOCTYPE html PUBLIC "-//W3C//DTD XHTML 1.0 Transitional//EN"
    "http://www.w3.org/TR/xhtml1/DTD/xhtml1-transitional.dtd">
<html xmlns="http://www.w3.org/1999/xhtml" xml:lang="en" lang="en">
 <head>
  <title>
</title>
<meta http-equiv="Content-Type" content="text/html;charset=utf-8" />
  <meta name='ocr-system' content='tesseract 3.04.00' />
  <meta name='ocr-capabilities' content='ocr_page ocr_carea ocr_par ocr_line ocrx_word'/>
</head>
<body>
  <div class='ocr_page' id='page_1' title='image "./testimoniaminor01rhgoog_0366.png"; bbox 0 0 4168 6502; ppageno 0'>
   <div class='ocr_carea' id='block_1_1' title="bbox 796 956 1636 1085">
    <p class='ocr_par' dir='ltr' id='par_1_1' title="bbox 796 956 1636 1085">
     <span class='ocr_line' id='line_1_1' title="bbox 796 956 1636 1085; baseline -0.001 -36"><span class='ocrx_word' id='word_1_1' title='bbox 796 958 884 1052; x_wconf 86' lang='lat'>288</span> <span class='ocrx_word' id='word_1_2' title='bbox 997 956 1239 1085; x_wconf 79' lang='lat' dir='ltr'>‘l&#39;eflimorzio</span> <span class='ocrx_word' id='word_1_3' title='bbox 1260 962 1301 1050; x_wconf 85' lang='lat' dir='ltr'>in</span> <span class='ocrx_word' id='word_1_4' title='bbox 1322 956 1448 1050; x_wconf 83' lang='lat' dir='ltr'>stolio</span> <span class='ocrx_word' id='word_1_5' title='bbox 1458 957 1636 1085; x_wconf 78' lang='lat' dir='ltr'>scripto.</span> 
     </span>
    </p>
   </div>
   <div class='ocr_carea' id='block_1_2' title="bbox 788 1219 1892 3597">
    <p class='ocr_par' dir='ltr' id='par_1_2' title="bbox 788 1219 1892 3597">
     <span class='ocr_line' id='line_1_2' title="bbox 793 1219 1818 1305; baseline -0.002 -19"><span class='ocrx_word' id='word_1_6' title='bbox 793 1222 962 1299; x_wconf 89' lang='lat' dir='ltr'>Barbenna,</span> <span class='ocrx_word' id='word_1_7' title='bbox 984 1221 1022 1284; x_wconf 93' lang='lat' dir='ltr'>de</span> <span class='ocrx_word' id='word_1_8' title='bbox 1037 1219 1159 1301; x_wconf 83' lang='lat' dir='ltr'>Bastita,</span> <span class='ocrx_word' id='word_1_9' title='bbox 1172 1220 1211 1284; x_wconf 93' lang='lat' dir='ltr'>de</span> <span class='ocrx_word' id='word_1_10' title='bbox 1225 1220 1332 1300; x_wconf 88' lang='lat' dir='ltr'>Barca,</span> <span class='ocrx_word' id='word_1_11' title='bbox 1346 1222 1385 1285; x_wconf 88' lang='lat' dir='ltr'>de</span> <span class='ocrx_word' id='word_1_12' title='bbox 1399 1221 1619 1305; x_wconf 81' lang='lat' dir='ltr'>Romagnanir,</span> <span class='ocrx_word' id='word_1_13' title='bbox 1632 1223 1671 1286; x_wconf 88' lang='lat' dir='ltr'>de</span> <span class='ocrx_word' id='word_1_14' title='bbox 1686 1221 1818 1302; x_wconf 77' lang='lat' dir='ltr'>Pelletis,</span> 
     </span>
     <span class='ocr_line' id='line_1_3' title="bbox 792 1307 1818 1394; baseline -0.001 -20"><span class='ocrx_word' id='word_1_15' title='bbox 792 1314 831 1375; x_wconf 92' lang='lat' dir='ltr'>de</span> <span class='ocrx_word' id='word_1_16' title='bbox 845 1309 948 1387; x_wconf 85' lang='lat' dir='ltr'>Colla,</span> <span class='ocrx_word' id='word_1_17' title='bbox 968 1308 1007 1371; x_wconf 89' lang='lat' dir='ltr'>de</span> <span class='ocrx_word' id='word_1_18' title='bbox 1021 1308 1167 1391; x_wconf 87' lang='lat' dir='ltr'>Capellis,</span> <span class='ocrx_word' id='word_1_19' title='bbox 1190 1312 1229 1373; x_wconf 90' lang='lat' dir='ltr'>de</span> <span class='ocrx_word' id='word_1_20' title='bbox 1244 1309 1436 1394; x_wconf 82' lang='lat' dir='ltr'>Montagnis,</span> <span class='ocrx_word' id='word_1_21' title='bbox 1457 1307 1516 1372; x_wconf 81' lang='lat' dir='ltr'>sive</span> <span class='ocrx_word' id='word_1_22' title='bbox 1534 1312 1573 1373; x_wconf 91' lang='lat' dir='ltr'>de</span> <span class='ocrx_word' id='word_1_23' title='bbox 1592 1309 1818 1393; x_wconf 81' lang='lat' dir='ltr'>Montagnano,</span> 
     </span>
     <span class='ocr_line' id='line_1_4' title="bbox 792 1396 1818 1482; baseline 0.002 -21"><span class='ocrx_word' id='word_1_24' title='bbox 792 1402 831 1462; x_wconf 88' lang='lat' dir='ltr'>de</span> <span class='ocrx_word' id='word_1_25' title='bbox 854 1397 1041 1476; x_wconf 87' lang='lat' dir='ltr'>Cortizanis,</span> <span class='ocrx_word' id='word_1_26' title='bbox 1067 1399 1105 1460; x_wconf 93' lang='lat' dir='ltr'>de</span> <span class='ocrx_word' id='word_1_27' title='bbox 1131 1396 1288 1477; x_wconf 78' lang='lat' dir='ltr'>Asinariis,</span> <span class='ocrx_word' id='word_1_28' title='bbox 1315 1398 1353 1461; x_wconf 91' lang='lat' dir='ltr'>de</span> <span class='ocrx_word' id='word_1_29' title='bbox 1380 1398 1522 1476; x_wconf 86' lang='lat' dir='ltr'>Rotariis‚</span> <span class='ocrx_word' id='word_1_30' title='bbox 1551 1400 1589 1461; x_wconf 93' lang='lat' dir='ltr'>de</span> <span class='ocrx_word' id='word_1_31' title='bbox 1619 1398 1756 1482; x_wconf 89' lang='lat' dir='ltr'>Campo,</span> <span class='ocrx_word' id='word_1_32' title='bbox 1782 1400 1818 1463; x_wconf 90' lang='lat' dir='ltr'>de</span> 
     </span>
     <span class='ocr_line' id='line_1_5' title="bbox 792 1485 1892 1570; baseline -0.002 -17"><span class='ocrx_word' id='word_1_33' title='bbox 792 1489 942 1565; x_wconf 85' lang='lat' dir='ltr'>Cathena,</span> <span class='ocrx_word' id='word_1_34' title='bbox 955 1487 993 1548; x_wconf 91' lang='lat' dir='ltr'>de</span> <span class='ocrx_word' id='word_1_35' title='bbox 1004 1485 1097 1565; x_wconf 86' lang='lat' dir='ltr'>Rota,</span> <span class='ocrx_word' id='word_1_36' title='bbox 1111 1487 1149 1548; x_wconf 91' lang='lat' dir='ltr'>de</span> <span class='ocrx_word' id='word_1_37' title='bbox 1160 1485 1319 1566; x_wconf 83' lang='lat' dir='ltr'>Gardinis,</span> <span class='ocrx_word' id='word_1_38' title='bbox 1334 1486 1372 1549; x_wconf 88' lang='lat' dir='ltr'>de</span> <span class='ocrx_word' id='word_1_39' title='bbox 1384 1486 1570 1570; x_wconf 85' lang='lat' dir='ltr'>Malabayla,</span> <span class='ocrx_word' id='word_1_40' title='bbox 1583 1487 1621 1550; x_wconf 91' lang='lat' dir='ltr'>de</span> <span class='ocrx_word' id='word_1_41' title='bbox 1633 1487 1817 1568; x_wconf 82' lang='lat' dir='ltr'>Guttuariis,</span> <span class='ocrx_word' id='word_1_42' title='bbox 1828 1514 1847 1560; x_wconf 66' lang='lat' dir='ltr'>n</span> <span class='ocrx_word' id='word_1_43' title='bbox 1858 1508 1892 1557; x_wconf 79' lang='lat'>350</span> 
     </span>
     <span class='ocr_line' id='line_1_6' title="bbox 792 1573 1818 1659; baseline 0.001 -20"><span class='ocrx_word' id='word_1_44' title='bbox 792 1576 829 1639; x_wconf 88' lang='lat' dir='ltr'>de</span> <span class='ocrx_word' id='word_1_45' title='bbox 841 1575 987 1653; x_wconf 73' lang='lat' dir='ltr'>Cononis,</span> <span class='ocrx_word' id='word_1_46' title='bbox 997 1574 1027 1637; x_wconf 74' lang='grc' dir='ltr'>δι</span> <span class='ocrx_word' id='word_1_47' title='bbox 1036 1575 1073 1635; x_wconf 91' lang='lat' dir='ltr'>de</span> <span class='ocrx_word' id='word_1_48' title='bbox 1083 1573 1218 1655; x_wconf 88' lang='lat' dir='ltr'>pluribus</span> <span class='ocrx_word' id='word_1_49' title='bbox 1229 1573 1304 1639; x_wconf 85' lang='lat' dir='ltr'>aliis.</span> <span class='ocrx_word' id='word_1_50' title='bbox 1321 1575 1372 1638; x_wconf 92' lang='lat' dir='ltr'>De</span> <span class='ocrx_word' id='word_1_51' title='bbox 1383 1574 1504 1638; x_wconf 82' lang='lat' dir='ltr'>familiis</span> <span class='ocrx_word' id='word_1_52' title='bbox 1517 1575 1555 1637; x_wconf 90' lang='lat' dir='ltr'>de</span> <span class='ocrx_word' id='word_1_53' title='bbox 1567 1576 1685 1659; x_wconf 91' lang='lat' dir='ltr'>populo</span> <span class='ocrx_word' id='word_1_54' title='bbox 1697 1576 1818 1640; x_wconf 80' lang='lat' dir='ltr'>luerunt</span> 
     </span>
     <span class='ocr_line' id='line_1_7' title="bbox 792 1663 1817 1747; baseline 0.002 -21"><span class='ocrx_word' id='word_1_55' title='bbox 792 1663 892 1747; x_wconf 87' lang='lat' dir='ltr'>plures</span> <span class='ocrx_word' id='word_1_56' title='bbox 906 1663 1071 1742; x_wconf 77' lang='lat' dir='ltr'><strong>devincis,</strong></span> <span class='ocrx_word' id='word_1_57' title='bbox 1086 1666 1123 1726; x_wconf 93' lang='lat' dir='ltr'>de</span> <span class='ocrx_word' id='word_1_58' title='bbox 1141 1664 1257 1742; x_wconf 77' lang='lat' dir='ltr'>Boetia,</span> <span class='ocrx_word' id='word_1_59' title='bbox 1270 1665 1309 1726; x_wconf 87' lang='lat' dir='ltr'>de</span> <span class='ocrx_word' id='word_1_60' title='bbox 1323 1663 1519 1742; x_wconf 87' lang='lat' dir='ltr'>Cacheranis,</span> <span class='ocrx_word' id='word_1_61' title='bbox 1534 1665 1572 1725; x_wconf 89' lang='lat' dir='ltr'>de</span> <span class='ocrx_word' id='word_1_62' title='bbox 1588 1664 1768 1728; x_wconf 84' lang='lat' dir='ltr'>Comitibus</span> <span class='ocrx_word' id='word_1_63' title='bbox 1781 1668 1817 1728; x_wconf 84' lang='lat' dir='ltr'>de</span> 
     </span>
     <span class='ocr_line' id='line_1_8' title="bbox 792 1751 1817 1833; baseline 0.002 -18"><span class='ocrx_word' id='word_1_64' title='bbox 792 1752 897 1831; x_wconf 88' lang='lat' dir='ltr'>Bosris,</span> <span class='ocrx_word' id='word_1_65' title='bbox 910 1753 949 1814; x_wconf 89' lang='lat' dir='ltr'>de</span> <span class='ocrx_word' id='word_1_66' title='bbox 963 1751 1089 1830; x_wconf 88' lang='lat' dir='ltr'>Rubeis,</span> <span class='ocrx_word' id='word_1_67' title='bbox 1104 1753 1141 1813; x_wconf 90' lang='lat' dir='ltr'>de</span> <span class='ocrx_word' id='word_1_68' title='bbox 1156 1751 1316 1830; x_wconf 84' lang='lat' dir='ltr'>Barberiis,</span> <span class='ocrx_word' id='word_1_69' title='bbox 1330 1753 1368 1815; x_wconf 92' lang='lat' dir='ltr'>de</span> <span class='ocrx_word' id='word_1_70' title='bbox 1383 1751 1552 1832; x_wconf 87' lang='lat' dir='ltr'>Allexanis,</span> <span class='ocrx_word' id='word_1_71' title='bbox 1566 1756 1604 1815; x_wconf 90' lang='lat' dir='ltr'>de</span> <span class='ocrx_word' id='word_1_72' title='bbox 1619 1754 1769 1833; x_wconf 87' lang='lat' dir='ltr'>Rotariis,</span> <span class='ocrx_word' id='word_1_73' title='bbox 1782 1755 1817 1817; x_wconf 90' lang='lat' dir='ltr'>de</span> 
     </span>
     <span class='ocr_line' id='line_1_9' title="bbox 792 1839 1817 1924; baseline 0 -20"><span class='ocrx_word' id='word_1_74' title='bbox 792 1841 962 1920; x_wconf 87' lang='lat' dir='ltr'>Botonatis,</span> <span class='ocrx_word' id='word_1_75' title='bbox 982 1839 1020 1903; x_wconf 90' lang='lat' dir='ltr'>de</span> <span class='ocrx_word' id='word_1_76' title='bbox 1039 1839 1212 1917; x_wconf 87' lang='lat' dir='ltr'>Rabeianis,</span> <span class='ocrx_word' id='word_1_77' title='bbox 1234 1842 1272 1903; x_wconf 93' lang='lat' dir='ltr'>de</span> <span class='ocrx_word' id='word_1_78' title='bbox 1287 1840 1431 1920; x_wconf 72' lang='lat' dir='ltr'>venulis,</span> <span class='ocrx_word' id='word_1_79' title='bbox 1450 1840 1488 1904; x_wconf 92' lang='lat' dir='ltr'>de</span> <span class='ocrx_word' id='word_1_80' title='bbox 1503 1841 1615 1921; x_wconf 85' lang='lat' dir='ltr'><strong>Platea,</strong></span> <span class='ocrx_word' id='word_1_81' title='bbox 1635 1843 1676 1906; x_wconf 91' lang='lat' dir='ltr'>de</span> <span class='ocrx_word' id='word_1_82' title='bbox 1690 1843 1817 1924; x_wconf 87' lang='lat' dir='ltr'>Ursetis,</span> 
     </span>
     <span class='ocr_line' id='line_1_10' title="bbox 791 1927 1817 2011; baseline 0.001 -19"><span class='ocrx_word' id='word_1_83' title='bbox 791 1929 829 1992; x_wconf 89' lang='lat' dir='ltr'>de</span> <span class='ocrx_word' id='word_1_84' title='bbox 843 1927 960 2011; x_wconf 86' lang='lat' dir='ltr'>Raspis,</span> <span class='ocrx_word' id='word_1_85' title='bbox 982 1929 1020 1990; x_wconf 91' lang='lat' dir='ltr'>de</span> <span class='ocrx_word' id='word_1_86' title='bbox 1034 1927 1228 2008; x_wconf 87' lang='lat' dir='ltr'>Verchiellis,</span> <span class='ocrx_word' id='word_1_87' title='bbox 1250 1929 1289 1992; x_wconf 91' lang='lat' dir='ltr'>de</span> <span class='ocrx_word' id='word_1_88' title='bbox 1304 1929 1396 2008; x_wconf 73' lang='lat' dir='ltr'>Osis,</span> <span class='ocrx_word' id='word_1_89' title='bbox 1417 1929 1455 1992; x_wconf 93' lang='lat' dir='ltr'>de</span> <span class='ocrx_word' id='word_1_90' title='bbox 1471 1927 1633 2009; x_wconf 82' lang='lat' dir='ltr'>Massariis,</span> <span class='ocrx_word' id='word_1_91' title='bbox 1647 1930 1687 1994; x_wconf 91' lang='lat' dir='ltr'>de</span> <span class='ocrx_word' id='word_1_92' title='bbox 1702 1929 1817 2008; x_wconf 86' lang='lat' dir='ltr'>Genta,</span> 
     </span>
     <span class='ocr_line' id='line_1_11' title="bbox 791 2014 1815 2098; baseline 0.001 -18"><span class='ocrx_word' id='word_1_93' title='bbox 791 2018 829 2080; x_wconf 91' lang='lat' dir='ltr'>de</span> <span class='ocrx_word' id='word_1_94' title='bbox 854 2017 972 2097; x_wconf 86' lang='lat' dir='ltr'>Rocha,</span> <span class='ocrx_word' id='word_1_95' title='bbox 999 2016 1037 2079; x_wconf 92' lang='lat' dir='ltr'>de</span> <span class='ocrx_word' id='word_1_96' title='bbox 1062 2014 1168 2096; x_wconf 87' lang='lat' dir='ltr'>Busca,</span> <span class='ocrx_word' id='word_1_97' title='bbox 1196 2016 1233 2078; x_wconf 89' lang='lat' dir='ltr'>de</span> <span class='ocrx_word' id='word_1_98' title='bbox 1259 2016 1426 2098; x_wconf 82' lang='lat' dir='ltr'>Boschetis,</span> <span class='ocrx_word' id='word_1_99' title='bbox 1453 2018 1624 2082; x_wconf 70' lang='lat' dir='ltr'>resanata</span> <span class='ocrx_word' id='word_1_100' title='bbox 1643 2018 1758 2098; x_wconf 88' lang='lat' dir='ltr'>Maria,</span> <span class='ocrx_word' id='word_1_101' title='bbox 1780 2019 1815 2082; x_wconf 86' lang='lat' dir='ltr'>de</span> 
     </span>
     <span class='ocr_line' id='line_1_12' title="bbox 792 2104 1816 2190; baseline 0 -22"><span class='ocrx_word' id='word_1_102' title='bbox 792 2105 970 2184; x_wconf 75' lang='lat' dir='ltr'>Ambrosia,</span> <span class='ocrx_word' id='word_1_103' title='bbox 981 2105 1019 2168; x_wconf 90' lang='lat' dir='ltr'>de</span> <span class='ocrx_word' id='word_1_104' title='bbox 1031 2104 1229 2183; x_wconf 89' lang='lat' dir='ltr'>Cillionibus,</span> <span class='ocrx_word' id='word_1_105' title='bbox 1242 2104 1272 2166; x_wconf 77' lang='grc' dir='ltr'>δι</span> <span class='ocrx_word' id='word_1_106' title='bbox 1283 2104 1322 2167; x_wconf 90' lang='lat' dir='ltr'>de</span> <span class='ocrx_word' id='word_1_107' title='bbox 1334 2105 1469 2183; x_wconf 86' lang='lat' dir='ltr'>pluribus</span> <span class='ocrx_word' id='word_1_108' title='bbox 1483 2105 1558 2170; x_wconf 86' lang='lat' dir='ltr'>aliis.</span> <span class='ocrx_word' id='word_1_109' title='bbox 1573 2106 1730 2170; x_wconf 86' lang='lat' dir='ltr'>Stantibus</span> <span class='ocrx_word' id='word_1_110' title='bbox 1744 2125 1816 2190; x_wconf 85' lang='lat' dir='ltr'>ergo</span> 
     </span>
     <span class='ocr_line' id='line_1_13' title="bbox 791 2192 1816 2278; baseline 0.003 -23"><span class='ocrx_word' id='word_1_111' title='bbox 791 2193 987 2277; x_wconf 85' lang='lat' dir='ltr'>imperatore,</span> <span class='ocrx_word' id='word_1_112' title='bbox 1007 2195 1036 2258; x_wconf 73' lang='grc' dir='ltr'>δι</span> <span class='ocrx_word' id='word_1_113' title='bbox 1051 2196 1115 2258; x_wconf 89' lang='lat' dir='ltr'>eius</span> <span class='ocrx_word' id='word_1_114' title='bbox 1130 2192 1278 2257; x_wconf 83' lang='lat' dir='ltr'>militibus</span> <span class='ocrx_word' id='word_1_115' title='bbox 1293 2193 1464 2275; x_wconf 81' lang='lat' dir='ltr'>Brundusrj‚</span> <span class='ocrx_word' id='word_1_116' title='bbox 1478 2192 1504 2256; x_wconf 89' lang='lat' dir='ltr'><strong>F</strong></span> <span class='ocrx_word' id='word_1_117' title='bbox 1504 2193 1643 2258; x_wconf 87' lang='lat' dir='ltr'>edericus</span> <span class='ocrx_word' id='word_1_118' title='bbox 1656 2193 1775 2278; x_wconf 87' lang='lat' dir='ltr'>fingens</span> <span class='ocrx_word' id='word_1_119' title='bbox 1789 2193 1816 2258; x_wconf 85' lang='lat' dir='ltr'>se</span> 
     </span>
     <span class='ocr_line' id='line_1_14' title="bbox 791 2279 1816 2366; baseline -0.001 -21"><span class='ocrx_word' id='word_1_120' title='bbox 791 2279 850 2345; x_wconf 86' lang='lat' dir='ltr'>else</span> <span class='ocrx_word' id='word_1_121' title='bbox 864 2298 1015 2366; x_wconf 87' lang='lat' dir='ltr'>egrotum,</span> <span class='ocrx_word' id='word_1_122' title='bbox 1039 2281 1194 2364; x_wconf 63' lang='lat' dir='ltr'>professus</span> <span class='ocrx_word' id='word_1_123' title='bbox 1207 2281 1250 2344; x_wconf 86' lang='lat' dir='ltr'>est</span> <span class='ocrx_word' id='word_1_124' title='bbox 1263 2284 1294 2344; x_wconf 92' lang='lat' dir='ltr'>in</span> <span class='ocrx_word' id='word_1_125' title='bbox 1309 2281 1454 2359; x_wconf 90' lang='lat' dir='ltr'>Siciliam,</span> <span class='ocrx_word' id='word_1_126' title='bbox 1472 2281 1577 2364; x_wconf 86' lang='lat' dir='ltr'>ibique</span> <span class='ocrx_word' id='word_1_127' title='bbox 1591 2282 1622 2344; x_wconf 91' lang='lat' dir='ltr'>in</span> <span class='ocrx_word' id='word_1_128' title='bbox 1637 2283 1703 2344; x_wconf 89' lang='lat' dir='ltr'>otio</span> <span class='ocrx_word' id='word_1_129' title='bbox 1718 2303 1816 2344; x_wconf 88' lang='lat' dir='ltr'>mora·</span> 
     </span>
     <span class='ocr_line' id='line_1_15' title="bbox 791 2366 1815 2453; baseline 0 -21"><span class='ocrx_word' id='word_1_130' title='bbox 791 2385 850 2449; x_wconf 87' lang='lat' dir='ltr'>tur,</span> <span class='ocrx_word' id='word_1_131' title='bbox 872 2369 919 2433; x_wconf 92' lang='lat' dir='ltr'>sed</span> <span class='ocrx_word' id='word_1_132' title='bbox 940 2392 1012 2432; x_wconf 88' lang='lat' dir='ltr'>cum</span> <span class='ocrx_word' id='word_1_133' title='bbox 1035 2385 1167 2432; x_wconf 89' lang='lat' dir='ltr'>mortem</span> <span class='ocrx_word' id='word_1_134' title='bbox 1193 2368 1358 2452; x_wconf 87' lang='lat' dir='ltr'>laudgravij</span> <span class='ocrx_word' id='word_1_135' title='bbox 1376 2369 1487 2448; x_wconf 87' lang='lat' dir='ltr'>Haffie,</span> <span class='ocrx_word' id='word_1_136' title='bbox 1511 2370 1563 2453; x_wconf 90' lang='lat' dir='ltr'>qui</span> <span class='ocrx_word' id='word_1_137' title='bbox 1589 2370 1620 2431; x_wconf 95' lang='lat' dir='ltr'>in</span> <span class='ocrx_word' id='word_1_138' title='bbox 1645 2366 1815 2433; x_wconf 84' lang='lat' dir='ltr'>Brundufio</span> 
     </span>
     <span class='ocr_line' id='line_1_16' title="bbox 791 2453 1815 2542; baseline 0.003 -23"><span class='ocrx_word' id='word_1_139' title='bbox 791 2473 930 2521; x_wconf 84' lang='lat' dir='ltr'>mortuus</span> <span class='ocrx_word' id='word_1_140' title='bbox 944 2460 1049 2537; x_wconf 86' lang='lat' dir='ltr'>fuerat,</span> <span class='ocrx_word' id='word_1_141' title='bbox 1070 2453 1237 2536; x_wconf 85' lang='lat' dir='ltr'>audivisset,</span> <span class='ocrx_word' id='word_1_142' title='bbox 1257 2457 1430 2520; x_wconf 87' lang='lat' dir='ltr'>festinanter</span> <span class='ocrx_word' id='word_1_143' title='bbox 1444 2455 1646 2519; x_wconf 75' lang='lat' dir='ltr'>Brundusium</span> <span class='ocrx_word' id='word_1_144' title='bbox 1661 2457 1815 2542; x_wconf 64' lang='lat' dir='ltr'>profectus</span> 
     </span>
     <span class='ocr_line' id='line_1_17' title="bbox 791 2543 1815 2628; baseline -0.002 -21"><span class='ocrx_word' id='word_1_145' title='bbox 791 2545 843 2624; x_wconf 85' lang='lat' dir='ltr'>est,</span> <span class='ocrx_word' id='word_1_146' title='bbox 861 2566 1047 2628; x_wconf 89' lang='lat' dir='ltr'>omnemque</span> <span class='ocrx_word' id='word_1_147' title='bbox 1068 2544 1232 2627; x_wconf 86' lang='lat' dir='ltr'>landgravij</span> <span class='ocrx_word' id='word_1_148' title='bbox 1248 2543 1439 2607; x_wconf 87' lang='lat' dir='ltr'>substantiam</span> <span class='ocrx_word' id='word_1_149' title='bbox 1453 2544 1593 2626; x_wconf 67' lang='lat' dir='ltr'>diripuit,</span> <span class='ocrx_word' id='word_1_150' title='bbox 1613 2543 1718 2628; x_wconf 87' lang='lat' dir='ltr'>pollea</span> <span class='ocrx_word' id='word_1_151' title='bbox 1731 2544 1815 2608; x_wconf 85' lang='lat' dir='ltr'>navi·</span> 
     </span>
     <span class='ocr_line' id='line_1_18' title="bbox 790 2631 1815 2717; baseline -0.002 -21"><span class='ocrx_word' id='word_1_152' title='bbox 790 2635 944 2717; x_wconf 83' lang='lat' dir='ltr'>gationem</span> <span class='ocrx_word' id='word_1_153' title='bbox 968 2633 1069 2696; x_wconf 87' lang='lat' dir='ltr'>versus</span> <span class='ocrx_word' id='word_1_154' title='bbox 1095 2631 1395 2715; x_wconf 88' lang='lat' dir='ltr'>Constantinopolim</span> <span class='ocrx_word' id='word_1_155' title='bbox 1417 2633 1537 2712; x_wconf 83' lang='lat' dir='ltr'>direxit,</span> <span class='ocrx_word' id='word_1_156' title='bbox 1561 2631 1694 2696; x_wconf 90' lang='lat' dir='ltr'>sednon</span> <span class='ocrx_word' id='word_1_157' title='bbox 1719 2632 1815 2696; x_wconf 88' lang='lat' dir='ltr'>multo</span> 
     </span>
     <span class='ocr_line' id='line_1_19' title="bbox 792 2719 1815 2805; baseline 0 -21"><span class='ocrx_word' id='word_1_158' title='bbox 792 2721 859 2804; x_wconf 86' lang='lat' dir='ltr'>post</span> <span class='ocrx_word' id='word_1_159' title='bbox 872 2722 964 2784; x_wconf 89' lang='lat' dir='ltr'>rediit</span> <span class='ocrx_word' id='word_1_160' title='bbox 976 2719 1092 2805; x_wconf 83' lang='lat' dir='ltr'>fingens</span> <span class='ocrx_word' id='word_1_161' title='bbox 1107 2720 1135 2783; x_wconf 91' lang='lat' dir='ltr'>se</span> <span class='ocrx_word' id='word_1_162' title='bbox 1149 2720 1179 2782; x_wconf 90' lang='lat' dir='ltr'>vi</span> <span class='ocrx_word' id='word_1_163' title='bbox 1194 2720 1379 2803; x_wconf 86' lang='lat' dir='ltr'>tempestatis</span> <span class='ocrx_word' id='word_1_164' title='bbox 1393 2721 1560 2797; x_wconf 63' lang='lat' dir='ltr'>deiectum</span> <span class='ocrx_word' id='word_1_165' title='bbox 1575 2743 1669 2804; x_wconf 89' lang='lat' dir='ltr'>quare</span> <span class='ocrx_word' id='word_1_166' title='bbox 1684 2720 1815 2785; x_wconf 83' lang='lat' dir='ltr'>reversus</span> 
     </span>
     <span class='ocr_line' id='line_1_20' title="bbox 790 2807 1815 2894; baseline -0.002 -22"><span class='ocrx_word' id='word_1_167' title='bbox 790 2808 833 2872; x_wconf 88' lang='lat' dir='ltr'>est</span> <span class='ocrx_word' id='word_1_168' title='bbox 844 2808 1053 2873; x_wconf 85' lang='lat' dir='ltr'>Brandustum.</span> <span class='ocrx_word' id='word_1_169' title='bbox 1068 2809 1164 2871; x_wconf 88' lang='lat' dir='ltr'>Tunc</span> <span class='ocrx_word' id='word_1_170' title='bbox 1180 2807 1349 2893; x_wconf 83' lang='lat' dir='ltr'>Gregorius</span> <span class='ocrx_word' id='word_1_171' title='bbox 1364 2830 1463 2872; x_wconf 87' lang='lat' dir='ltr'>nonus</span> <span class='ocrx_word' id='word_1_172' title='bbox 1475 2810 1621 2892; x_wconf 84' lang='lat' dir='ltr'>pontifex,</span> <span class='ocrx_word' id='word_1_173' title='bbox 1637 2811 1691 2894; x_wconf 92' lang='lat' dir='ltr'>qui</span> <span class='ocrx_word' id='word_1_174' title='bbox 1707 2810 1815 2873; x_wconf 92' lang='lat' dir='ltr'>Hono-</span> 
     </span>
     <span class='ocr_line' id='line_1_21' title="bbox 789 2893 1815 2980; baseline 0.002 -21"><span class='ocrx_word' id='word_1_175' title='bbox 789 2898 834 2960; x_wconf 93' lang='lat' dir='ltr'>rio</span> <span class='ocrx_word' id='word_1_176' title='bbox 843 2894 1026 2974; x_wconf 74' lang='lat' dir='ltr'>successerat,</span> <span class='ocrx_word' id='word_1_177' title='bbox 1037 2897 1160 2980; x_wconf 84' lang='lat' dir='ltr'>cognita</span> <span class='ocrx_word' id='word_1_178' title='bbox 1171 2893 1197 2957; x_wconf 89' lang='lat' dir='ltr'><strong>F</strong></span> <span class='ocrx_word' id='word_1_179' title='bbox 1197 2895 1310 2958; x_wconf 88' lang='lat' dir='ltr'>ederici</span> <span class='ocrx_word' id='word_1_180' title='bbox 1323 2896 1435 2975; x_wconf 87' lang='lat' dir='ltr'>fraude,</span> <span class='ocrx_word' id='word_1_181' title='bbox 1447 2897 1815 2961; x_wconf 76' lang='lat' dir='ltr'>excommunicationibus</span> 
     </span>
     <span class='ocr_line' id='line_1_22' title="bbox 789 2983 1813 3067; baseline 0.002 -21"><span class='ocrx_word' id='word_1_182' title='bbox 789 2984 967 3047; x_wconf 88' lang='lat' dir='ltr'>sententiam</span> <span class='ocrx_word' id='word_1_183' title='bbox 988 2984 1026 3047; x_wconf 89' lang='lat' dir='ltr'>ab</span> <span class='ocrx_word' id='word_1_184' title='bbox 1046 2984 1190 3047; x_wconf 91' lang='lat' dir='ltr'>Honorio</span> <span class='ocrx_word' id='word_1_185' title='bbox 1211 2983 1361 3067; x_wconf 81' lang='lat' dir='ltr'>prolatam</span> <span class='ocrx_word' id='word_1_186' title='bbox 1381 2983 1584 3048; x_wconf 90' lang='lat' dir='ltr'>confirmavit.</span> <span class='ocrx_word' id='word_1_187' title='bbox 1605 2985 1702 3049; x_wconf 92' lang='lat' dir='ltr'>Tunc</span> <span class='ocrx_word' id='word_1_188' title='bbox 1718 2985 1813 3048; x_wconf 88' lang='lat' dir='ltr'>Fede-</span> 
     </span>
     <span class='ocr_line' id='line_1_23' title="bbox 789 3071 1814 3158; baseline 0.001 -22"><span class='ocrx_word' id='word_1_189' title='bbox 789 3076 870 3137; x_wconf 87' lang='lat' dir='ltr'>ricus</span> <span class='ocrx_word' id='word_1_190' title='bbox 882 3075 972 3136; x_wconf 89' lang='lat' dir='ltr'>minis</span> <span class='ocrx_word' id='word_1_191' title='bbox 981 3071 1134 3153; x_wconf 86' lang='lat' dir='ltr'>pontificis</span> <span class='ocrx_word' id='word_1_192' title='bbox 1147 3072 1324 3151; x_wconf 48' lang='lat' dir='ltr'>arelatum&amp;</span> <span class='ocrx_word' id='word_1_193' title='bbox 1335 3074 1475 3155; x_wconf 86' lang='lat' dir='ltr'>precibus</span> <span class='ocrx_word' id='word_1_194' title='bbox 1486 3074 1654 3135; x_wconf 88' lang='lat' dir='ltr'>amicorum</span> <span class='ocrx_word' id='word_1_195' title='bbox 1666 3075 1814 3158; x_wconf 86' lang='lat' dir='ltr'>fatigatus,</span> 
     </span>
     <span class='ocr_line' id='line_1_24' title="bbox 788 3157 1814 3244; baseline 0 -20"><span class='ocrx_word' id='word_1_196' title='bbox 788 3161 943 3244; x_wconf 86' lang='lat' dir='ltr'>navigavit</span> <span class='ocrx_word' id='word_1_197' title='bbox 963 3162 993 3223; x_wconf 90' lang='lat' dir='ltr'>in</span> <span class='ocrx_word' id='word_1_198' title='bbox 1009 3160 1159 3244; x_wconf 90' lang='lat' dir='ltr'>Cyprum.</span> <span class='ocrx_word' id='word_1_199' title='bbox 1182 3157 1303 3224; x_wconf 83' lang='lat' dir='ltr'>interea</span> <span class='ocrx_word' id='word_1_200' title='bbox 1324 3177 1425 3223; x_wconf 90' lang='lat' dir='ltr'>tamen</span> <span class='ocrx_word' id='word_1_201' title='bbox 1442 3160 1630 3243; x_wconf 85' lang='lat' dir='ltr'>Reginaldus</span> <span class='ocrx_word' id='word_1_202' title='bbox 1644 3183 1718 3224; x_wconf 91' lang='lat' dir='ltr'>cum</span> <span class='ocrx_word' id='word_1_203' title='bbox 1732 3182 1814 3224; x_wconf 86' lang='lat' dir='ltr'>exer-</span> 
     </span>
     <span class='ocr_line' id='line_1_25' title="bbox 789 3246 1814 3333; baseline 0 -22"><span class='ocrx_word' id='word_1_204' title='bbox 789 3251 863 3328; x_wconf 89' lang='lat' dir='ltr'>citu,</span> <span class='ocrx_word' id='word_1_205' title='bbox 888 3269 981 3332; x_wconf 93' lang='lat' dir='ltr'>quem</span> <span class='ocrx_word' id='word_1_206' title='bbox 1004 3247 1169 3312; x_wconf 87' lang='lat' dir='ltr'>Federicus</span> <span class='ocrx_word' id='word_1_207' title='bbox 1191 3247 1355 3333; x_wconf 84' lang='lat' dir='ltr'>reliquerat</span> <span class='ocrx_word' id='word_1_208' title='bbox 1376 3249 1406 3310; x_wconf 90' lang='lat' dir='ltr'>in</span> <span class='ocrx_word' id='word_1_209' title='bbox 1426 3246 1538 3328; x_wconf 83' lang='lat' dir='ltr'>Sicilia,</span> <span class='ocrx_word' id='word_1_210' title='bbox 1555 3248 1693 3313; x_wconf 83' lang='lat' dir='ltr'>adversus</span> <span class='ocrx_word' id='word_1_211' title='bbox 1715 3250 1814 3333; x_wconf 92' lang='lat' dir='ltr'>ponti·</span> 
     </span>
     <span class='ocr_line' id='line_1_26' title="bbox 790 3333 1813 3420; baseline 0 -23"><span class='ocrx_word' id='word_1_212' title='bbox 790 3333 880 3398; x_wconf 87' lang='lat' dir='ltr'>ficem</span> <span class='ocrx_word' id='word_1_213' title='bbox 899 3357 1038 3420; x_wconf 82' lang='lat' dir='ltr'>pergens,</span> <span class='ocrx_word' id='word_1_214' title='bbox 1058 3336 1155 3399; x_wconf 89' lang='lat' dir='ltr'>multa</span> <span class='ocrx_word' id='word_1_215' title='bbox 1171 3336 1265 3399; x_wconf 87' lang='lat' dir='ltr'>castra</span> <span class='ocrx_word' id='word_1_216' title='bbox 1280 3333 1408 3398; x_wconf 83' lang='lat' dir='ltr'>initalia</span> <span class='ocrx_word' id='word_1_217' title='bbox 1423 3337 1505 3399; x_wconf 89' lang='lat' dir='ltr'>circa</span> <span class='ocrx_word' id='word_1_218' title='bbox 1522 3335 1709 3399; x_wconf 84' lang='lat' dir='ltr'>Placentiam</span> <span class='ocrx_word' id='word_1_219' title='bbox 1724 3359 1813 3399; x_wconf 90' lang='lat' dir='ltr'>occu-</span> 
     </span>
     <span class='ocr_line' id='line_1_27' title="bbox 791 3422 1813 3508; baseline 0.002 -22"><span class='ocrx_word' id='word_1_220' title='bbox 791 3425 882 3507; x_wconf 83' lang='lat' dir='ltr'>pavit,</span> <span class='ocrx_word' id='word_1_221' title='bbox 896 3424 926 3488; x_wconf 86' lang='lat'>&amp;</span> <span class='ocrx_word' id='word_1_222' title='bbox 941 3426 1051 3488; x_wconf 90' lang='lat' dir='ltr'>eodem</span> <span class='ocrx_word' id='word_1_223' title='bbox 1067 3440 1205 3508; x_wconf 89' lang='lat' dir='ltr'>tempore</span> <span class='ocrx_word' id='word_1_224' title='bbox 1221 3424 1309 3488; x_wconf 87' lang='lat' dir='ltr'>Alvis</span> <span class='ocrx_word' id='word_1_225' title='bbox 1325 3424 1387 3486; x_wconf 91' lang='lat' dir='ltr'>dux</span> <span class='ocrx_word' id='word_1_226' title='bbox 1401 3425 1550 3488; x_wconf 84' lang='lat' dir='ltr'>exercitus</span> <span class='ocrx_word' id='word_1_227' title='bbox 1563 3422 1589 3487; x_wconf 92' lang='lat' dir='ltr'>F</span> <span class='ocrx_word' id='word_1_228' title='bbox 1590 3426 1703 3488; x_wconf 88' lang='lat' dir='ltr'>ederici</span> <span class='ocrx_word' id='word_1_229' title='bbox 1717 3425 1813 3488; x_wconf 69' lang='lat' dir='ltr'>diurn</span> 
     </span>
     <span class='ocr_line' id='line_1_28' title="bbox 792 3510 1812 3597; baseline 0.001 -23"><span class='ocrx_word' id='word_1_230' title='bbox 792 3511 817 3575; x_wconf 88' lang='lat' dir='ltr'><strong>F</strong></span> <span class='ocrx_word' id='word_1_231' title='bbox 818 3512 975 3596; x_wconf 86' lang='lat' dir='ltr'>ulgineum</span> <span class='ocrx_word' id='word_1_232' title='bbox 989 3514 1164 3596; x_wconf 87' lang='lat' dir='ltr'>occupavit,</span> <span class='ocrx_word' id='word_1_233' title='bbox 1177 3535 1195 3576; x_wconf 90' lang='lat' dir='ltr'>a</span> <span class='ocrx_word' id='word_1_234' title='bbox 1206 3535 1267 3597; x_wconf 91' lang='lat' dir='ltr'>qua</span> <span class='ocrx_word' id='word_1_235' title='bbox 1278 3513 1402 3578; x_wconf 88' lang='lat' dir='ltr'>civitate</span> <span class='ocrx_word' id='word_1_236' title='bbox 1416 3510 1508 3596; x_wconf 91' lang='lat' dir='ltr'>paulo</span> <span class='ocrx_word' id='word_1_237' title='bbox 1520 3513 1587 3595; x_wconf 85' lang='lat' dir='ltr'>post</span> <span class='ocrx_word' id='word_1_238' title='bbox 1600 3514 1657 3575; x_wconf 88' lang='lat' dir='ltr'>fuit</span> <span class='ocrx_word' id='word_1_239' title='bbox 1665 3513 1812 3597; x_wconf 81' lang='lat' dir='ltr'>expulsus.</span> 
     </span>
    </p>
   </div>
   <div class='ocr_carea' id='block_1_3' title="bbox 0 0 2088 6502">
    <p class='ocr_par' dir='ltr' id='par_1_3' title="bbox 0 0 2088 6502">
     <span class='ocr_line' id='line_1_29' title="bbox 0 0 2088 6502; baseline 0 0"><span class='ocrx_word' id='word_1_240' title='bbox 0 0 2088 6502; x_wconf 95' lang='lat' dir='ltr'> </span> 
     </span>
    </p>
   </div>
  </div>
 </body>
</html>
