4168 6502
828 978 916 1097 278
1030 976 1272 1106 Testimonio
1293 977 1333 1067 in
1357 974 1477 1116 stolio
1497 975 1676 1103 scripto.

756 1255 815 1305 ¹²¹9
826 1238 914 1320 saque
928 1237 971 1299 est
983 1237 1024 1298 ob
1038 1256 1105 1299 eam
1119 1235 1250 1298 maxime
1260 1255 1324 1298 rem
1334 1235 1504 1298 Sarracenis
1514 1234 1599 1314 salus,
1609 1251 1643 1298 ut
1656 1232 1843 1317 purgationis

826 1346 937 1388 munus
950 1344 1114 1406 curamque
1132 1323 1320 1405 susciperent.
1342 1320 1440 1386 Prima
1458 1343 1532 1387 vero
1556 1325 1695 1386 omnium
1719 1321 1844 1382 macho-

824 1412 909 1477 naria
922 1413 1005 1475 urbis
1026 1414 1168 1494 primaria
1188 1413 1219 1474 in
1242 1411 1371 1494 gloriose
1387 1411 1522 1495 Virginis
1547 1409 1608 1474 Dei
1630 1407 1843 1472 &salvatoris

824 1501 916 1565 nostri
937 1497 1002 1562 Iesu
1023 1500 1178 1583 genitricis
1197 1497 1352 1562 ecclesiam
1375 1498 1542 1578 instaurata,
1556 1520 1591 1562 ac
1611 1501 1643 1560 in
1657 1496 1843 1580 episcopium

824 1589 962 1652 dedicata
985 1588 1035 1650 est.
1060 1587 1138 1650 Eam
1152 1588 1259 1649 urbem
1273 1603 1393 1668 captam
1416 1584 1474 1649 elle
1500 1587 1671 1669 intelligens
1685 1583 1844 1660 Soldanus,

823 1671 1843 1758 castrisincenfisCayrumseBabylonemquerecepit,&christiani

753 1793 812 1826 1220
824 1765 875 1826 sub
890 1764 986 1846 ipsum
1000 1763 1079 1825 veris
1093 1763 1213 1825 initium
1229 1763 1333 1824 urbem
1356 1763 1392 1824 ad
1417 1766 1492 1826 aeris
1513 1762 1668 1824 sanitatem
1690 1757 1844 1821 redafflm

741 1881 753 1911 e
769 1882 786 1912 ι.
799 1879 809 1912 ι
823 1850 960 1913 kalendis
974 1847 1147 1913 Februariis
1161 1849 1227 1912 sunt
1255 1849 1381 1932 ingrelli.
1406 1847 1588 1932 Posteroque
1612 1847 1661 1909 die
1684 1843 1844 1908 cardinalis

824 1937 979 2001 Columna
991 1937 1107 2018 legatus
1134 1958 1204 1999 curn
1232 1936 1379 2019 episcopis
1403 1935 1587 2019 &ingentis
1613 1933 1733 1996 numeri
1762 1930 1844 1994 clero

823 2024 936 2088 solenni
958 2046 1071 2108 pompa
1084 2021 1287 2106 gloriofiffime
1303 2023 1438 2106 Virginis
1453 2021 1696 2106 purificationem
1711 2019 1845 2082 ardenti·

824 2113 878 2176 bus
892 2134 955 2175 non
970 2113 1064 2194 tnagis
1079 2113 1110 2174 in
1124 2109 1249 2175 ecclefia
1259 2133 1350 2196 quam
1362 2133 1415 2194 per
1428 2113 1515 2173 vicos
1525 2111 1555 2173 δι
1577 2110 1689 2192 plateas
1710 2105 1844 2169 candelis

823 2199 962 2262 &cereis
976 2199 1176 2262 celebravere.
1192 2200 1307 2263 Habuit
1322 2220 1376 2283 per
1390 2199 1420 2261 id
1436 2214 1556 2281 tempus
1570 2196 1715 2260 Damiata
1724 2192 1844 2276 amplis·

823 2284 894 2348 fime
918 2285 1199 2370 opulentiffimeque
1222 2288 1352 2350 civitatis
1376 2287 1517 2367 speciem:
1548 2301 1727 2366 reptansque
1753 2283 1784 2342 in
1811 2300 1845 2341 ea

823 2394 923 2436 rerum
936 2375 1075 2436 omnium
1086 2377 1208 2457 copiam
1222 2376 1285 2436 auri
1300 2376 1476 2456 argentique
1497 2373 1526 2436 δι
1541 2372 1677 2435 ditiffime
1698 2367 1845 2451 supellec·

823 2461 883 2525 tilis
898 2463 928 2522 in
947 2463 1078 2522 maxima
1102 2462 1217 2544 legatus
1241 2462 1384 2545 regesque
1408 2462 1438 2525 δι
1462 2463 1556 2524 duces
1580 2462 1732 2522 exercitus
1756 2455 1843 2518 militi

822 2549 982 2611 christiano
1008 2570 1088 2632 equa
1114 2549 1324 2612 distributione
1351 2551 1450 2633 largiti
1479 2548 1558 2625 sunt3
1586 2548 1660 2630 quin
1688 2547 1781 2608 etiam
1809 2544 1845 2606 de

822 2657 965 2720 agrorum
985 2636 1128 2698 divisione
1150 2639 1179 2700 in
1205 2653 1342 2720 tempore
1363 2637 1499 2699 facienda
1518 2636 1620 2698 adium
1642 2632 1700 2710 est,
1727 2632 1844 2695 cunffis

822 2721 1060 2786 existimantibus
1074 2725 1149 2803 sore,
1164 2741 1197 2787 ut
1211 2724 1344 2788 Soldano
1358 2724 1526 2807 Babylonie
1541 2723 1701 2787 deturbato
1724 2719 1845 2798 milites,

822 2811 875 2892 qui
900 2810 1007 2873 domos
1032 2810 1524 2895 supellediilemqueaccepillent,
1555 2812 1585 2872 in
1612 2812 1677 2872 eius
1712 2806 1844 2885 colonia,

822 2899 893 2960 dato
908 2899 1043 2977 nomine,
1057 2897 1161 2961 ascribi
1179 2914 1361 2980 paterentur.

864 2983 995 3047 Duobus
1016 3006 1087 3046 cum
1110 2987 1194 3048 annis
1209 2987 1319 3065 iterim,
1339 2987 1449 3071 quibus
1470 2984 1577 3048 Petrus
1591 2977 1843 3047 Autisrodorenfis

825 3074 990 3156 imperator
1013 3072 1368 3156 constantinopolitanus
1395 3075 1426 3136 in
1454 3073 1617 3136 Theodori
1641 3071 1728 3133 ducis
1754 3066 1844 3131 Dira-

823 3161 905 3224 chini
925 3179 1044 3223 carcere
1060 3162 1176 3242 agebat,
1193 3158 1274 3225 Ioles
1296 3184 1373 3225 uxor
1392 3162 1557 3244 imperium
1577 3157 1844 3234 administraverat,

823 3269 883 3332 que
904 3249 940 3308 ad
962 3267 1015 3310 eos
1036 3248 1129 3311 ferme
1153 3251 1228 3328 dies,
1250 3272 1305 3331 per
1319 3271 1397 3333 quos
1409 3248 1554 3312 Damiata
1567 3249 1598 3310 in
1612 3245 1844 3309 christianorum

824 3335 1002 3420 potestatem
1016 3336 1094 3398 fassa
1112 3337 1154 3399 est
1167 3339 1249 3400 diem
1264 3338 1340 3401 obiit
1354 3383 1477 3401 ......
1498 3335 1667 3401 Cardinalis
1681 3335 1767 3396 enim
1781 3333 1844 3398 Co-

824 3423 938 3502 lumna,
961 3422 1077 3506 legatus
1100 3423 1293 3506 apostolicus,
1321 3426 1351 3489 δι
1375 3427 1525 3504 Andreas,
1547 3444 1600 3486 rex
1624 3422 1792 3504 Hungarie,
1815 3421 1931 3502 διμῐμ.

823 3511 916 3574 ceteri
931 3531 1072 3594 proceres
1091 3513 1121 3573 in
1142 3513 1255 3574 bonam
1269 3532 1413 3579 venerant
1426 3515 1518 3597 spem,
1539 3515 1615 3592 sore,
1628 3528 1662 3575 ut
1676 3509 1843 3574 Soldanum

823 3599 1056 3681 Sarracenosqoe
1084 3600 1166 3662 brevi
1192 3600 1387 3681 conficerent,
1411 3604 1521 3686 quibus
1549 3600 1734 3664 intentandis
1756 3597 1843 3659 rebus

824 3688 853 3750 id
869 3687 965 3750 solum
987 3707 1073 3749 more
1093 3688 1265 3767 interceffit,
1285 3691 1368 3772 quod
1388 3689 1529 3770 loannes,
1553 3687 1768 3770 Hierosolyme
1783 3704 1844 3763 rex,

824 3775 891 3859 plus
915 3771 966 3837 fibi
992 3796 1084 3857 quam
1114 3775 1236 3839 deceret
1259 3798 1413 3860 arrogans,
1443 3799 1548 3862 parurn
1574 3773 1843 3853 considerabas&

823 3862 844 3926 fi
869 3864 940 3928 urbs
969 3861 1111 3926 Damiata
1138 3864 1190 3926 suo
1215 3863 1399 3929 subiicienda
1426 3884 1489 3930 erat
1512 3887 1616 3948 regno,
1645 3864 1843 3927 deserendum

824 3968 924 4015 tamen
946 3973 963 4014 a
983 3951 1010 4014 se
1034 3952 1177 4014 cardinali
1203 3953 1233 4016 br
1257 3953 1476 4037 Hungarorum
1501 3956 1561 4038 regi
1583 3952 1755 4037 quantisper
1778 3947 1844 4028 elle,

823 4062 880 4104 nec
904 4040 1006 4102 omnia
1029 4036 1090 4102 illis
1113 4039 1297 4121 presentibus
1321 4042 1554 4126 inconsultisque
1578 4063 1615 4104 ex
1636 4040 1764 4102 arbitrio
1789 4039 1844 4100 im·

824 4129 998 4211 perandam,
1012 4130 1098 4192 cuius
1111 4130 1164 4207 rei,
1183 4151 1253 4192 cum
1268 4129 1339 4193 esset
1357 4121 1520 4214 aliquando
1535 4152 1552 4192 a
1567 4128 1712 4192 cardinali
1727 4125 1844 4189 modes-

823 4215 929 4278 tisfime
952 4216 1135 4294 admonitus,
1157 4218 1399 4301 Hierosolymam
1422 4219 1516 4298 brevi,
1542 4235 1575 4280 ut
1597 4218 1681 4295 dixit,
1696 4216 1844 4278 rediturus

823 4303 950 4382 acceffit,
980 4324 1073 4386 quem
1101 4304 1187 4366 multi
1217 4304 1328 4369 milites
1359 4305 1425 4369 sunt
1456 4305 1558 4384 secuti,
1589 4326 1646 4368 nec
1672 4301 1844 4386 priusquam

824 4411 929 4478 terque
944 4409 1111 4478 quaterque
1125 4411 1258 4478 rogatus,
1273 4412 1305 4457 ut
1326 4395 1445 4473 rediret,
1466 4394 1574 4457 adduci
1595 4394 1703 4476 potuit.
1720 4388 1844 4454 Interim

823 4483 898 4545 estas
912 4504 947 4546 ac
967 4485 1073 4568 hyems
1092 4489 1190 4567 prima
1210 4483 1342 4547 habitate
1356 4504 1373 4544 a
1395 4483 1502 4546 nostris
1517 4481 1662 4544 Damiate
1675 4481 1784 4543 exadla
1796 4479 1844 4542 est.

752 4607 808 4642 1221
825 4570 950 4653 Verque
963 4573 1000 4634 ad
1015 4575 1079 4636 eius
1094 4574 1225 4636 reditum
1239 4573 1270 4634 in
1285 4573 1411 4634 alteram
1425 4572 1547 4634 estatem
1559 4571 1669 4632 abibat.
1681 4567 1729 4631 Eo
1745 4568 1844 4651 postes

825 4657 970 4741 presente,
983 4681 1054 4722 cum
1069 4662 1106 4723 de
1120 4662 1209 4725 rebus
1229 4660 1353 4742 agendis
1371 4659 1529 4722 confilium
1550 4658 1722 4734 haberetur,
1733 4655 1844 4738 placuit

825 4747 976 4828 omnibus,
996 4749 1027 4811 in
1051 4749 1184 4834 Cayrum
1209 4746 1461 4832 Babylonemque
1485 4747 1669 4809 ducendum.
1694 4745 1746 4808 Ad
1771 4763 1842 4827 quas
