4168 6502
795 954 883 1048 ²30
918 923 1023 1053 Tefl.
1048 924 1091 1015 in
1112 923 1334 1053 Hungnrio
1356 919 1394 1013 ὓ
1415 919 1629 1013 Dalmatio
1638 921 1728 1044 scr.

719 1203 777 1248 12¹7
792 1197 893 1248 totum
900 1181 1076 1245 suburbium
1090 1181 1127 1244 ad
1141 1181 1306 1264 hospitium
1317 1181 1558 1265 peregrinorum,
1571 1193 1716 1243 exeuntes
1729 1179 1812 1242 enim

791 1272 829 1335 de
843 1270 985 1333 domibus
995 1269 1055 1333 illis
1066 1269 1222 1352 expeditas
1235 1268 1403 1352 hospitibus
1414 1267 1599 1332 dimiserunt.
1619 1267 1701 1330 Mox
1710 1282 1812 1330 autem

791 1356 997 1422 itaconsestim
1007 1356 1122 1439 replete
1132 1355 1199 1419 sunt
1209 1357 1394 1435 hominibus,
1408 1356 1439 1420 δι
1449 1356 1603 1435 iumentis,
1610 1372 1644 1418 ut
1653 1377 1716 1418 non
1728 1371 1813 1439 pate-

791 1461 837 1509 ret
850 1446 949 1508 aditus
967 1443 1146 1508 transeundi.
1161 1443 1219 1508 Sed
1236 1466 1300 1508 non
1316 1466 1369 1509 eos
1385 1444 1553 1507 suburbane
1573 1445 1682 1507 domus
1703 1464 1812 1526 capere

792 1548 967 1619 potuerunt,
984 1533 1057 1596 licet
1072 1533 1238 1612 constridli,
1263 1534 1293 1597 δι
1311 1532 1471 1616 constipati
1489 1547 1661 1596 manerent:
1684 1531 1813 1614 plurima

790 1642 862 1686 vero
884 1641 950 1704 pars
971 1621 1064 1684 totius
1082 1621 1245 1684 comitatus
1264 1620 1372 1704 regalis
1389 1622 1474 1684 curie
1492 1621 1667 1684 morabatur
1680 1635 1764 1683 extra
1782 1621 1813 1683 in

791 1709 929 1773 tentoriis
940 1729 1143 1792 percampum
1154 1708 1266 1772 diffusa.
1275 1709 1368 1773 Cives
1379 1730 1452 1772 vero
1463 1708 1513 1793 alij
1524 1707 1683 1791 pavebant,
1694 1708 1743 1792 alij
1756 1710 1814 1771 mi-

790 1798 932 1861 rabantur
942 1798 1149 1860 inconsuetam
1160 1797 1363 1862 multitudinis
1371 1797 1573 1881 frequentiam
1583 1793 1814 1860 intuenteslm-

676 1898 737 1958 nug.
748 1909 777 1957 23
792 1909 851 1971 que
865 1907 945 1949 auno
960 1887 1178 1966 redemptionis
1189 1886 1289 1949 nostre
1300 1882 1510 1964 Mccxvss,
1525 1885 1617 1948 mens.
1633 1885 1713 1966 Aug.
1728 1886 1813 1968 xxiij.

791 1975 851 2054 die,
864 1975 987 2038 advenit
1001 1973 1139 2037 Andreas
1154 1995 1206 2036 rex
1221 1975 1257 2035 ad
1273 1975 1427 2037 civitatem
1439 1972 1650 2056 spalatensem
1665 1971 1814 2035 Exierunt

791 2076 893 2126 autem
918 2060 1172 2144 proceffionaliter
1195 2062 1319 2125 obviam
1342 2061 1468 2124 domino
1489 2061 1553 2145 regi
1574 2057 1703 2122 universr
1721 2061 1814 2138 cives,

791 2148 955 2233 omnesque
969 2147 1108 2228 forenses,
1122 2166 1248 2233 totaque
1262 2150 1350 2213 turba
1364 2149 1405 2212 sui
1421 2150 1570 2212 exercitus
1584 2147 1688 2210 laudes
1701 2148 1730 2210 ei
1744 2146 1812 2211 altis

789 2236 917 2301 vocibus
930 2253 1157 2320 concrepantes.
1173 2237 1296 2302 Deinde
1310 2238 1410 2301 clerus
1424 2240 1524 2301 omnis
1538 2235 1714 2299 holosericis
1727 2234 1814 2318 super

790 2341 929 2408 comptas
950 2325 1047 2388 induti
1062 2326 1194 2390 vestibus
1215 2347 1286 2389 cum
1301 2326 1452 2405 crucibus,
1477 2322 1686 2389 &thuribulis
1704 2343 1812 2407 proce-

789 2416 895 2478 dentes
915 2413 1007 2497 usque
1029 2414 1205 2496 pollutium,
1230 2430 1321 2497 prout
1339 2415 1421 2497 regie
1443 2411 1666 2496 magnificentie
1686 2411 1814 2494 dignum

790 2517 853 2566 erat
866 2505 976 2584 pariter
996 2501 1210 2565 concinebant.
1230 2499 1297 2584 Ipse
1312 2523 1384 2566 vero
1398 2499 1520 2564 illustris
1534 2521 1597 2580 rex,
1611 2498 1673 2561 viso
1695 2499 1814 2582 proces·

790 2583 880 2650 sionis
903 2603 972 2651 cetu
998 2586 1134 2668 solemni,
1166 2588 1266 2652 statim
1289 2588 1444 2652 descendit
1467 2588 1505 2650 dc
1528 2609 1620 2671 equo,
1643 2605 1813 2670 magnaque

790 2675 912 2738 suorum
926 2677 1101 2759 principum
1110 2677 1238 2740 vallatus
1249 2691 1380 2756 caterva,
1394 2675 1566 2739 tenentibus
1577 2675 1731 2737 cumhinc
1742 2674 1813 2737 inde

789 2762 948 2845 episcopis,
958 2765 1011 2848 qui
1022 2780 1238 2844 convenerant,
1249 2765 1342 2847 pedes
1353 2763 1446 2848 usque
1458 2764 1492 2826 ad
1505 2761 1662 2826 ecclesiam
1673 2762 1701 2826 S.
1709 2761 1813 2824 Dom-

789 2851 831 2934 nij
848 2851 996 2933 proceffit.
1017 2852 1081 2915 Ubi
1106 2852 1260 2916 celebrato
1279 2850 1431 2915 missarum
1455 2851 1567 2931 officio,
1590 2850 1621 2914 dt
1645 2852 1715 2914 data
1727 2851 1813 2913 obla-

791 2940 874 3002 tione
889 2941 975 3023 super
995 2940 1087 3004 altare
1100 2941 1137 3004 ad
1152 2935 1316 3024 hospitium
1330 2941 1448 3005 seceffit.
1472 2939 1519 3003 Ea
1542 2941 1592 3003 die
1609 2939 1814 3002 communitas

789 3027 926 3091 exhibuit
940 3030 1002 3112 regi
1023 3030 1274 3093 affluentiffimam
1299 3029 1545 3112 procurationem
1568 3029 1599 3090 in
1624 3028 1729 3106 domo,
1752 3048 1814 3110 quc

789 3115 899 3179 dicitur
907 3115 997 3181 Mata
1007 3133 1092 3181 extra
1102 3139 1207 3182 muros
1218 3117 1418 3200 Aquilonaris
1430 3133 1525 3200 porte.
1533 3115 1704 3180 Dicebatur
1711 3131 1814 3178 autem

790 3218 863 3267 tunc
884 3201 969 3268 mille
988 3206 1020 3268 in
1039 3207 1187 3270 comitatu
1206 3207 1291 3290 regio
1315 3205 1473 3290 plusquam
1493 3206 1601 3268 decem
1615 3203 1711 3267 millia
1723 3204 1812 3286 equi-

789 3307 866 3372 tum,
888 3309 1017 3375 excepta
1030 3294 1145 3378 vulgari
1169 3294 1375 3373 multitudine,
1399 3314 1459 3377 que
1484 3315 1561 3377 pene
1585 3291 1812 3356 innumerabilis
1825 3321 1910 3370 r·574

789 3396 862 3444 erat.
886 3381 982 3444 Tunc
1006 3404 1060 3445 rex
1083 3384 1167 3465 cepit
1190 3403 1332 3466 magnam
1360 3382 1577 3465 benignitatem
1606 3401 1677 3464 erga
1701 3380 1812 3463 Spalat.

789 3470 871 3532 cives
889 3469 1057 3551 ostendere,
1075 3472 1117 3533 ita
1126 3485 1160 3533 ut
1174 3471 1234 3553 ipse
1246 3469 1325 3532 ultra
1335 3486 1516 3552 provocaret
1529 3491 1582 3532 eos
1597 3470 1633 3531 ad
1646 3468 1812 3551 petendum

789 3557 855 3638 ase,
868 3557 950 3642 quod
966 3558 1010 3622 eis
1025 3560 1061 3621 ad
1074 3557 1230 3641 publicum
1245 3560 1366 3622 cederet
1380 3559 1590 3638 commodum,
1603 3557 1682 3621 velle
1696 3559 1812 3642 quippe

788 3648 868 3729 regis
889 3662 963 3727 erat,
986 3662 1020 3709 ut
1039 3646 1077 3710 ad
1093 3649 1250 3710 munimen
1269 3647 1399 3710 civitatis
1423 3645 1473 3709 suc
1487 3647 1659 3729 reciperent
1682 3647 1811 3710 castrum

790 3733 893 3814 Clisse,
915 3735 1038 3800 volebat
1060 3735 1260 3800 nihilominus
1284 3736 1328 3798 eis
1348 3735 1518 3798 concedere
1539 3737 1718 3799 comitatum
1733 3737 1812 3800 insu-

789 3823 897 3886 larum.
918 3823 975 3886 Sed
995 3823 1181 3905 Spalatcnses
1199 3823 1251 3886 suo
1270 3844 1357 3886 more
1371 3824 1407 3884 ad
1424 3822 1545 3905 publica
1557 3823 1648 3887 nimis
1663 3825 1750 3904 tardi,
1773 3825 1809 3888 ad

790 3913 907 3995 privata
929 3911 1093 3976 commoda
1119 3909 1224 3995 smguli
1251 3910 1457 3975 intendebant
1483 3910 1642 3994 Negledlis
1663 3911 1811 3996 siquidem

789 3997 939 4082 regalibus
954 3998 1118 4078 beneficiis,
1132 4020 1193 4082 que
1206 3999 1249 4061 eis
1264 3999 1323 4080 pie,
1337 3997 1366 4061 dt
1380 3997 1545 4061 liberaliter
1558 3999 1747 4063 concedebat
1758 4022 1812 4064 rex

790 4087 912 4170 proprio
924 4085 1085 4150 clementie
1100 4087 1149 4149 sue
1161 4102 1345 4169 provocatus
1360 4086 1469 4149 affeetu
1480 4086 1580 4149 noluit
1593 4087 1721 4150 castrum
1734 4089 1810 4151 illud

788 4175 982 4238 committere
996 4173 1085 4238 alicui
1101 4176 1139 4237 de
1154 4174 1347 4258 proceribus3
1360 4175 1454 4238 sciens
1468 4176 1540 4258 quia
1553 4174 1650 4239 multa
1662 4176 1811 4240 infestatio

788 4261 1009 4346 spalatensibus
1029 4285 1067 4327 ex
1087 4264 1142 4326 illo
1166 4263 1262 4327 castro
1277 4264 1433 4346 procedat,
1457 4261 1505 4327 sed
1520 4262 1662 4328 accersito
1676 4267 1811 4348 quodam

790 4350 911 4431 Pontio,
934 4352 986 4434 qui
1008 4367 1073 4414 erat
1086 4352 1224 4435 magister
1238 4352 1346 4415 militie
1368 4352 1478 4416 domus
1492 4353 1599 4436 templi
1614 4375 1668 4436 per
1683 4375 1810 4438 regnum

790 4441 937 4523 Ungarie‚
965 4440 1115 4503 commisit
1138 4441 1175 4504 ad
1204 4461 1311 4504 mmus
1340 4441 1405 4504 eius
1429 4441 1607 4521 custodiam,
1631 4440 1661 4504 dt
1685 4441 1811 4505 tutelam

790 4528 878 4611 ipsius
898 4527 982 4592 castri
998 4529 1177 4611 precipiens,
1197 4543 1232 4592 ut
1251 4529 1374 4592 viciffim
1392 4530 1495 4592 fratres
1515 4527 1564 4592 sue
1581 4529 1735 4614 religionis
1755 4532 1811 4594 ibi·

791 4615 860 4678 dem
885 4617 998 4680 faceret
1020 4613 1155 4680 insidere.
1181 4617 1264 4681 Cum
1283 4632 1385 4680 autem
1399 4618 1538 4680 Andreas
1558 4638 1611 4680 rex
1625 4617 1811 4700 aliquantam

790 4725 909 4768 moram
927 4704 1049 4784 faceret,
1073 4706 1263 4788 preparando
1285 4705 1441 4788 navigium
1456 4703 1628 4770 Bernardus
1650 4705 1811 4790 archiepis-
