4362 6560
509 965 602 1060 105.
641 936 847 1058 Caesarius
867 936 1221 1069 Heiflerbucenfis.
1291 970 1367 1060 ¹73

351 1193 569 1260 rationabiliter
591 1197 791 1279 computavit,
808 1210 843 1260 ut
866 1217 991 1259 omnem
1014 1195 1157 1280 episcopo
1178 1195 1300 1260 tolleret
1316 1195 1374 1258 sus-

352 1283 516 1366 picionem.
532 1283 673 1347 Habebat
686 1285 769 1348 enim
790 1284 894 1348 omnia
907 1301 1011 1348 notata
1026 1285 1057 1346 in
1071 1283 1194 1346 cartula
1217 1283 1375 1348 sciscitan-

353 1369 433 1434 tibus
443 1371 666 1436 accusatoribus
680 1373 718 1436 de
731 1373 972 1454 computatione,
982 1393 1054 1435 cum
1073 1371 1232 1454 episcopus
1252 1372 1375 1456 respon-

353 1455 449 1536 disset,
462 1461 579 1542 optime
593 1461 803 1544 computavit;
823 1461 964 1523 dixerunt
978 1459 1020 1523 illi
1035 1482 1043 1522 :
1063 1460 1309 1543 ‹Nequaquam3
1326 1459 1373 1523 sed

355 1549 637 1630 ‹computetnobis
647 1550 848 1628 audientibus,
859 1548 888 1612 δι
899 1549 1099 1611 convincetur
1109 1549 1277 1610 maximum
1287 1549 1375 1612 vobis

355 1635 525 1699 «damnum
536 1635 674 1700 intulisse.
689 1664 700 1695 2
716 1636 813 1724 Quod
829 1659 899 1700 cum
911 1638 938 1699 ei
950 1638 1122 1700 intimatum
1138 1635 1235 1699 suisset
1249 1636 1286 1698 ab
1297 1636 1375 1719 epis·

353 1745 444 1807 copo,
458 1724 509 1787 ille
523 1726 633 1790 timens
647 1725 820 1788 emulorum
842 1725 970 1803 infidias,
984 1727 1116 1788 maxime
1138 1725 1209 1808 quia
1228 1724 1377 1787 cartulam

353 1812 536 1895 perdiderat,
549 1814 592 1877 ait
605 1815 682 1877 intra
696 1814 746 1878 se:
764 1839 776 1872 e
791 1813 822 1877 Si
837 1813 951 1897 aliquid
978 1814 1070 1875 modo
1093 1813 1124 1874 in
1145 1813 1375 1894 computatione

294 1943 301 1959 i
355 1901 559 1982 «titubavero,
568 1900 684 1965 necesse
695 1904 754 1966 erit
764 1923 814 1965 me
825 1902 873 1964 vel
884 1903 915 1964 in
926 1921 1056 1983 corpore
1068 1903 1209 1983 torqueri,
1217 1899 1378 1965 velcarce·

355 1991 418 2051 «ris
431 1988 570 2072 squalore
583 1988 676 2073 usque
695 1992 731 2053 ad
747 2007 879 2053 mortem
894 1990 1032 2052 cruciari.
1052 2014 1064 2047 ι
1081 1985 1265 2050 Immislione
1285 1989 1377 2072 igitur

353 2075 477 2154 diaboli,
499 2079 585 2139 cuius
606 2076 747 2141 instinsiu
761 2078 799 2141 ab
814 2077 923 2141 invidis
937 2075 1072 2139 indebite
1096 2076 1270 2155 vexabatur,
1294 2095 1377 2137 cam-

353 2185 427 2246 pum
441 2163 520 2229 solus
535 2166 668 2244 intravit,
678 2165 835 2249 ipsumque
857 2164 1013 2227 diabolum
1035 2166 1197 2242 advocans,
1215 2162 1254 2225 fic
1271 2163 1378 2227 astatur

354 2250 475 2314 dicens:
493 2277 505 2310 e
522 2251 670 2331 Domine,
683 2251 704 2315 si
718 2253 791 2314 mihi
809 2252 989 2315 succurreris
999 2251 1030 2313 in
1047 2265 1129 2314 tanta
1139 2251 1308 2313 neceffitate
1320 2271 1378 2334 po-

356 2338 445 2418 «sito,
457 2340 631 2402 hominium
641 2341 695 2403 tibi
708 2341 826 2420 faciam,
841 2341 912 2405 &in
925 2340 1067 2404 omnibus
1080 2339 1201 2420 parebo.
1212 2358 1227 2399 r
1240 2338 1301 2402 Cui
1313 2337 1378 2400 dia-

353 2423 442 2488 bolus
464 2425 636 2509 respondit:
663 2426 726 2491 ‹Si
750 2429 1013 2490 abrenunciaveris
1039 2426 1202 2505 Altiffimo,
1230 2427 1379 2508 matrique

354 2511 471 2592 eillins,
485 2529 515 2575 te
526 2512 692 2597 suscipiam,
705 2516 786 2578 &de
800 2516 943 2578 omnibus
959 2514 1102 2597 periculis
1117 2535 1188 2577 cum
1202 2512 1299 2575 multa
1309 2527 1379 2574 tuo-

356 2621 448 2663 ‹rum
462 2599 639 2666 confusione
653 2603 827 2666 emulorum
842 2625 920 2665 ame
933 2602 1115 2666 liberaberis.
1129 2627 1142 2658 s
1165 2600 1252 2751 quid
1269 2597 1378 2683 plura?

354 2688 566 2752 Abrenunciat
579 2690 667 2752 miser
682 2691 813 2770 Christo,
827 2692 1000 2753 hominium
1015 2690 1185 2753 sacitdiabo
1199 2711 1228 2768 o,
1237 2687 1379 2771 prospere

354 2774 488 2839 succedit
501 2779 701 2860 computatio.
720 2779 772 2842 Ab
786 2778 839 2841 illo
855 2796 993 2861 tempore
1012 2780 1096 2860 cepit
1115 2777 1228 2840 diaboli
1253 2777 1378 2839 virtutes

354 2863 557 2948 magnificare,
571 2866 726 2930 Christum
748 2865 964 2948 blasphemare,
978 2866 1055 2944 adeo
1071 2881 1103 2928 ut
1124 2866 1262 2928 diceret:
1282 2889 1295 2922 ‹
1311 2861 1378 2950 Qui

356 2952 514 3016 «serviunt
522 2953 606 3032 Deo,
616 2953 714 3017 miseri
726 2953 793 3017 sunt
803 2954 833 3018 dt
844 2971 948 3038 egent,
963 2955 1015 3037 qui
1030 2969 1132 3016 autem
1147 2953 1264 3035 sperant
1274 2952 1305 3014 in
1316 2953 1380 3012 dia-

357 3039 465 3119 ‹bolo,
485 3041 633 3123 prosperis
654 3041 829 3105 successibus
847 3041 1015 3124 gaudent.»
1039 3038 1081 3102 Et
1095 3039 1168 3103 sicut
1188 3039 1263 3102 mihi
1276 3037 1381 3102 retulit

354 3127 526 3192 Bernardus
549 3129 718 3192 monachus
741 3129 853 3207 noster,
867 3129 919 3211 qui
941 3149 1012 3190 eum
1030 3144 1103 3190 tunc
1125 3127 1270 3208 temporis
1284 3126 1381 3206 novit,

354 3217 397 3280 ira
415 3231 498 3279 totus
515 3215 635 3279 deditus
659 3232 725 3278 erat
744 3215 859 3279 artibus
884 3215 1020 3299 magicis,
1034 3229 1068 3276 ut
1086 3214 1107 3276 st
1128 3214 1260 3296 aliquem
1285 3211 1382 3276 nollet

353 3303 520 3368 scholarem
541 3305 675 3367 eiusdem
689 3304 855 3386 discipline,
869 3304 1001 3366 nummis
1015 3323 1086 3368 eum
1100 3302 1272 3382 redimeret,
1280 3318 1313 3365 ut
1327 3300 1382 3363 ali-

355 3393 428 3476 quid
440 3392 478 3456 ab
493 3391 545 3454 illo
562 3391 676 3455 discere
696 3390 799 3476 posset
823 3391 890 3479 Qui
913 3411 985 3454 cum
1005 3391 1146 3454 undecim
1168 3392 1255 3454 annis
1269 3392 1300 3453 in
1324 3391 1381 3452 hac

355 3480 539 3564 blasphemia
553 3479 770 3564 perseverasset,
784 3481 896 3543 accidit
916 3496 950 3542 ut
971 3479 1110 3561 magister
1128 3478 1274 3545 Oliverus
1295 3478 1382 3542 scho-

355 3569 473 3633 lasticus
489 3568 680 3634 Coloniensrs
702 3572 732 3633 in
748 3569 923 3652 episcopatu
939 3565 1128 3630 Traiediensr
1140 3587 1265 3629 crucem
1280 3567 1382 3650 predi-

354 3673 445 3720 caret.
460 3657 557 3723 Cuius
566 3659 765 3740 predicationi
777 3658 827 3721 ille
842 3657 873 3720 in
888 3671 1006 3720 tantum
1021 3655 1179 3734 restititut
1190 3656 1239 3718 die
1250 3656 1381 3739 quadam

354 3763 530 3811 commotus
553 3746 700 3813 Oliverus
724 3747 840 3810 diceret
869 3747 897 3808 ei
917 3748 947 3809 in
959 3747 1113 3809 audientia
1135 3745 1229 3808 totius
1254 3741 1381 3826 populi:

352 3861 371 3915 ,ι
384 3835 474 3898 Tace
498 3835 614 3898 infelix.
639 3836 703 3900 Vas
724 3836 807 3898 enim
831 3835 945 3897 diaboli
971 3856 1014 3914 es,
1033 3834 1063 3897 ἃ
1082 3831 1220 3897 diabolus
1244 3831 1381 3914 loquitur

360 3951 372 3986 e
387 3946 442 4008 per
456 3945 491 3988 os
503 3940 590 3987 tuum
596 3951 606 4000 3
617 3949 629 3981 ›
639 3945 710 3986 cum
723 3939 824 3986 mmen
836 3922 945 3984 statum
956 3923 1021 3986 eius
1033 3923 1196 4007 ignoraret.
1211 3918 1379 3982 Everwach

355 4013 476 4078 nullum
490 4012 637 4075 arbitrans
647 4013 759 4096 gratius
773 4011 953 4094 obsequium
967 4010 995 4073 se
1011 4007 1093 4093 posse
1114 4008 1240 4092 prestare
1255 4007 1382 4070 domino

223 4117 288 4179 11‚p.
299 4129 345 4179 ³³4
358 4103 419 4181 suo,
432 4122 525 4185 quarn
540 4117 573 4163 ut
588 4101 746 4162 inimicum
768 4100 832 4162 eius
846 4099 1009 4177 occideret,
1030 4099 1125 4160 tribus
1149 4097 1254 4160 diebus
1279 4095 1315 4157 ad
1338 4095 1383 4156 di·

356 4192 452 4254 versas
466 4189 608 4252 stationes
623 4188 742 4251 secutus
756 4187 799 4249 est
813 4186 1000 4271 magistrum,
1016 4186 1108 4269 longo
1124 4185 1160 4248 ad
1176 4187 1235 4246 hoc
1256 4182 1382 4246 cultello

357 4294 527 4377 preparato,
542 4277 729 4340 transfodere
753 4277 839 4339 illurn
862 4271 1083 4359 proponens,sr
1104 4277 1183 4338 sorte
1206 4273 1266 4335 sine
1287 4269 1383 4333 turbis

356 4367 551 4430 inveniretur.
562 4365 604 4429 Et
613 4388 687 4430 ecce
698 4367 787 4429 tertia
795 4367 844 4428 die
855 4365 949 4427 subita
963 4362 1139 4427 infirmitate
1151 4374 1384 4444 preoccupatus,

357 4453 424 4538 post
445 4476 558 4538 paucos
573 4455 637 4518 dies
652 4457 835 4538 impenitens
857 4452 1018 4516 defundtus
1039 4451 1091 4531 est,
1112 4451 1142 4513 δι
1162 4451 1199 4512 ab
1218 4471 1267 4527 eo,
1290 4447 1341 4510 cui
1355 4446 1383 4508 se

357 4544 538 4622 reddiderat,
551 4545 587 4606 ad
607 4543 675 4608 loca
690 4564 837 4625 penarum
858 4541 1006 4604 dedushus
1021 4538 1072 4603 est.
1095 4537 1199 4602 Primo
1216 4534 1384 4614 loco,s1cut

358 4630 419 4716 ipse
432 4631 587 4716 resurgens
608 4653 625 4694 a
652 4634 779 4696 mortuis
804 4628 953 4694 consessus
980 4627 1022 4692 est
1048 4624 1178 4690 Iohanni
1207 4620 1383 4688 scholastico
