4168 6502
810 927 897 1048 276
996 927 1236 1055 Testimonio
1257 927 1299 1017 in
1320 923 1444 1018 ltalia
1459 926 1636 1052 scripto.

737 1210 795 1260 ηις
808 1185 953 1252 accessere
960 1214 970 1263 ;
985 1208 1053 1270 pars
1067 1183 1254 1249 commill'am
1268 1187 1306 1249 ab
1321 1184 1404 1248 holle
1419 1186 1521 1268 sugam
1534 1185 1564 1249 δι
1577 1183 1682 1265 castra,
1695 1201 1730 1248 ut
1743 1201 1827 1250 erant

808 1280 934 1359 integra,
960 1277 1027 1357 capi
1056 1271 1139 1357 polle
1165 1273 1330 1336 christianis
1356 1274 1484 1336 ducibus
1509 1275 1733 1336 renunciarunt.
1760 1270 1827 1359 Qui

808 1364 921 1429 ratibus
932 1362 969 1424 ad
984 1362 1014 1424 id
1030 1363 1148 1444 pridem
1162 1362 1272 1444 paratis
1281 1381 1404 1423 amnem
1415 1360 1653 1436 transmiserunt3
1668 1360 1828 1442 &reperta

809 1455 839 1516 in
863 1449 994 1513 hostium
1017 1449 1119 1512 castris
1139 1469 1262 1512 annona
1281 1448 1507 1529 impedimentis
1520 1469 1644 1532 quoque
1659 1467 1694 1509 ac
1709 1448 1829 1518 ditioris

809 1554 969 1623 apparatus
983 1536 1159 1618 supelleblili
1170 1537 1322 1599 exercitus
1340 1535 1518 1598 christianus
1532 1538 1627 1618 magis
1637 1555 1730 1617 quarn
1746 1535 1829 1616 prius

809 1628 845 1688 ad
860 1626 1081 1707 turriphaream
1094 1623 1137 1685 est
1151 1622 1293 1704 repletus.
1308 1621 1424 1684 Alteris
1443 1621 1566 1683 subinde
1579 1621 1681 1684 castris
1702 1623 1740 1683 ad
1763 1643 1829 1684 eam

810 1727 924 1793 partem
939 1709 1051 1793 positis,
1072 1732 1131 1792 que
1146 1713 1228 1793 prius
1244 1725 1337 1792 ponte
1352 1711 1524 1786 iunxerunt,
1540 1707 1684 1770 Darniata
1694 1710 1830 1792 undique

809 1800 852 1861 est
865 1795 985 1860 obsessa.
1000 1796 1078 1860 Eam
1099 1797 1211 1860 soldani
1231 1799 1343 1880 sugam,
1363 1817 1416 1859 eos
1435 1795 1664 1858 christianorum
1683 1794 1831 1860 successus

809 1907 881 1949 cum
900 1883 1026 1948 audisset
1047 1885 1244 1964 Corradinus,
1264 1885 1395 1947 Saladini
1414 1884 1489 1945 olim
1508 1881 1598 1961 lilius,
1618 1882 1831 1966 Hierosolyme

809 1974 890 2036 ultra
899 1973 1056 2035 retinende
1070 1972 1152 2054 spem
1162 1973 1281 2034 abiecit.
1294 1971 1400 2058 Quam
1411 1991 1449 2033 ne
1460 1970 1610 2033 christiani
1622 1988 1744 2053 captam
1759 1971 1831 2032 reti-

810 2081 882 2125 nere
909 2058 1036 2142 pollent,
1062 2059 1196 2123 desolare
1223 2059 1397 2122 constituit:
1425 2059 1478 2142 qui
1502 2075 1602 2120 umen
1629 2079 1647 2120 a
1674 2057 1831 2141 sepulchro

812 2147 943 2213 Domini
953 2147 1046 2210 nostri
1057 2145 1122 2210 lesu
1131 2147 1241 2212 Christi
1253 2147 1396 2209 violando
1407 2144 1540 2209 scelestas
1547 2147 1700 2208 continuit
1710 2167 1832 2219 manum

811 2233 930 2296 causam
955 2254 1029 2296 vero
1061 2233 1209 2316 sepulchri
1238 2231 1406 2315 templique
1434 2231 1548 2309 intacti,
1575 2253 1668 2315 quam
1692 2233 1831 2294 nonnulli

811 2321 938 2384 affenmt
951 2321 1049 2383 delate
1064 2337 1146 2383 tante
1160 2320 1319 2382 christiane
1332 2319 1487 2402 religionis
1505 2320 1693 2381 venerationi
1714 2321 1832 2382 omitti-

812 2429 890 2487 mus,
916 2407 1069 2491 magisque
1100 2410 1261 2486 credimus,
1287 2407 1441 2485 Susianos,
1468 2405 1635 2488 Ethyopas‚
1657 2407 1834 2488 Armenios,

813 2495 1009 2578 Georgianos
1030 2495 1060 2558 dt
1085 2495 1160 2557 alios
1185 2495 1255 2558 Asre
1279 2495 1455 2557 christianos
1479 2492 1724 2576 Hierosolymam
1748 2495 1834 2556 inco-

813 2582 909 2644 lentes
931 2581 1044 2644 multos
1063 2601 1193 2643 numero
1211 2579 1241 2642 ἃ
1261 2581 1377 2664 magnis
1398 2581 1531 2644 subditos
1553 2578 1624 2642 Asre
1649 2580 1834 2663 &Aphrice

814 2668 1001 2751 principibus
1015 2688 1051 2729 ea
1064 2667 1132 2729 loca
1145 2667 1222 2728 dirui
1240 2667 1470 2749 comminuique
1485 2666 1678 2749 prohibuisse,
1702 2686 1835 2751 quorum

815 2756 932 2816 ratione
953 2753 983 2816 δι
1001 2753 1089 2816 causa
1108 2774 1175 2816 eam
1195 2753 1366 2816 incolerent
1383 2753 1548 2833 civitatem,
1570 2774 1737 2838 eorumque
1761 2749 1835 2814 defi·

814 2843 932 2904 derium
946 2837 985 2904 fic
1000 2841 1178 2904 Sarracenos
1192 2840 1240 2902 vel
1255 2841 1366 2904 invitos
1390 2839 1593 2924 acquievillet,
1617 2840 1692 2904 ficut
1714 2839 1835 2904 eosdem

814 2929 1039 3010 suspeetiffimos
1067 2928 1234 3011 invisosque
1261 2929 1346 2990 omni
1366 2945 1505 3010 tempore
1532 2946 1683 3012 coguntur
1697 2929 1834 2991 tolerare.

814 3015 939 3093 Castris,
959 3031 993 3077 ut
1017 3016 1159 3094 diximus,
1177 3016 1215 3078 ad
1244 3015 1421 3078 Damiatam
1440 3018 1574 3100 undique
1600 3033 1680 3080 terra
1695 3035 1836 3078 commu·

814 3104 897 3182 nitis,
917 3102 1056 3184 Niloque
1076 3102 1169 3165 fluvio
1184 3103 1279 3166 claffis
1293 3101 1335 3165 est
1348 3104 1460 3184 addita,
1481 3104 1510 3167 δι
1531 3107 1619 3168 vinee
1640 3103 1756 3182 adadle,
1776 3099 1836 3164 cas-

815 3189 888 3252 tella
902 3193 1042 3270 excitata,
1058 3191 1264 3275 machinisque
1281 3194 1510 3275 oppugnatione
1520 3193 1663 3276 sepislime
1681 3193 1836 3269 intentata,

816 3299 873 3340 nec
894 3279 989 3362 magis
1011 3280 1107 3362 probe
1130 3280 1242 3364 agitata
1262 3280 1444 3344 extrinsecus
1469 3283 1539 3345 urbs
1561 3281 1725 3363 prevalida,
1746 3299 1836 3362 quam

816 3366 934 3428 sortiter
958 3369 1135 3430 intrinsecus
1160 3369 1309 3431 defensata
1333 3367 1384 3430 est.
1414 3367 1575 3452 Primaque
1593 3369 1668 3431 estas
1688 3367 1836 3449 &hyems

764 3491 803 3522 un.
816 3475 930 3536 verque
944 3454 1131 3518 subsecutum
1145 3477 1183 3518 eo
1195 3477 1280 3518 more
1293 3457 1328 3518 ad
1342 3455 1518 3519 Damiatam
1529 3457 1641 3520 aslum.
1652 3456 1701 3518 Ad
1714 3453 1837 3516 lunium

817 3561 890 3604 vero
904 3541 1028 3604 alterius
1042 3542 1140 3604 estatis
1151 3542 1284 3604 mensem
1295 3542 1435 3606 soldanus
1446 3545 1550 3606 medio
1560 3546 1638 3606 inter
1649 3540 1837 3626 Babylonem

818 3627 1056 3712 Damiatamque
1071 3631 1165 3712 spatio
1179 3629 1272 3692 castra
1285 3630 1390 3693 habuit
1404 3633 1593 3693 communita
1604 3633 1744 3694 inumero
1754 3648 1838 3692 exer·

817 3719 880 3780 citu
895 3719 1113 3780 redundantia:
1127 3739 1184 3780 nec
1195 3717 1264 3781 ullis
1275 3720 1383 3780 adduci
1399 3734 1516 3801 poterat
1530 3719 1761 3798 irritationibus,
1770 3715 1837 3780 nul-

818 3803 855 3868 lis
864 3805 1037 3868 nostrorum
1045 3808 1166 3885 artibus,
1178 3824 1211 3868 ut
1226 3827 1325 3890 pugne
1337 3809 1458 3889 copiam
1469 3806 1561 3869 vellet
1575 3807 1683 3869 facere.
1694 3807 1838 3868 Tandem

818 3893 872 3956 soli
887 3914 925 3956 ex
938 3893 1168 3956 christianorum
1179 3897 1312 3956 exercitu
1322 3892 1422 3978 gallici
1435 3914 1574 3976 proceres
1585 3895 1677 3958 hostis
1688 3895 1837 3977 ignaviam

819 3981 933 4065 aliquo,
955 3997 989 4043 ut
1012 3981 1164 4060 dixerunt,
1188 3982 1302 4065 ingenti
1327 3982 1478 4046 dedecore
1505 4000 1557 4044 aut
1583 3983 1695 4045 damno
1721 3981 1837 4044 afficere

818 4069 1047 4133 constituerunt
1062 4066 1258 4152 loannesque,
1267 4068 1477 4152 Hierosolyme
1487 4089 1551 4149 rex,
1561 4070 1837 4152 tanquamgallicus

816 4159 914 4239 ,magis
929 4178 1021 4240 quam
1035 4157 1096 4220 dux
1110 4161 1261 4222 exercitus
1272 4159 1394 4222 illorum
1405 4161 1562 4222 audaciam
1576 4161 1837 4238 temeritatemque

817 4246 936 4307 secutus
959 4245 1011 4307 est.
1032 4243 1057 4307 F
1059 4246 1118 4308 aeti
1142 4247 1173 4308 in
1198 4247 1393 4328 conspeblum
1417 4248 1509 4310 hostis
1530 4249 1639 4311 llrudla
1660 4247 1725 4308 acie
1739 4243 1837 4326 gallici

819 4335 929 4416 probra
943 4335 973 4396 in
991 4333 1109 4397 bostem
1123 4334 1212 4398 dietis
1230 4334 1565 4418 gesticulationibusque
1588 4336 1756 4399 iadlavere:
1777 4329 1838 4393 val·

819 4422 884 4484 lum
897 4421 1061 4505 aliquando
1076 4422 1214 4484 scandere
1228 4423 1458 4503 comminati&
1472 4439 1589 4506 partem
1599 4425 1657 4486 elle
1666 4424 1837 4486 nostrorum

819 4511 970 4574 exercitus
984 4511 1152 4588 minimam,
1166 4509 1317 4572 Sarraceni
1334 4512 1371 4572 de
1387 4511 1622 4594 propugnaculis
1637 4513 1667 4574 in
1681 4507 1835 4592 campestri

820 4597 884 4660 solo
898 4597 1027 4660 faciliter
1039 4597 1304 4681 recognoscebant.
1320 4597 1426 4684 Quare
1440 4599 1518 4662 faeta
1532 4600 1569 4661 de
1587 4614 1711 4681 repente
1731 4598 1763 4660 bt
1776 4616 1836 4658 ma-

820 4685 887 4768 gnis
900 4684 1095 4764 clamoribus,
1109 4701 1142 4748 ut
1155 4685 1198 4748 est
1211 4687 1308 4768 gentis
1323 4707 1400 4765 mos
1414 4688 1574 4770 eruptione
1586 4685 1751 4752 Gallorum
1760 4682 1836 4748 inso-
