4336 6572
739 978 798 1100 96
915 975 1156 1108 Testimonio
1176 978 1216 1070 in
1242 969 1384 1072 Gallio
1396 979 1575 1103 scripta.

738 1239 789 1302 illa
802 1243 974 1325 prophetia,
988 1244 1071 1327 quod
1098 1265 1116 1307 a
1136 1259 1219 1325 parte
1244 1239 1383 1304 orientali
1404 1240 1496 1304 debet
1516 1239 1620 1303 venite
1638 1241 1762 1323 quidam

736 1348 799 1407 rex,
809 1329 862 1411 qui
878 1331 1038 1393 vocabitur
1051 1333 1178 1395 nomine
1190 1329 1303 1409 David,
1314 1329 1344 1392 δι
1356 1351 1373 1392 a
1384 1346 1469 1413 parte
1480 1328 1663 1393 occidentali
1674 1328 1765 1392 debet

736 1417 840 1477 venire
854 1415 931 1480 alius
946 1440 1009 1496 rex,
1023 1418 1074 1500 qui
1099 1433 1210 1481 terram
1232 1418 1468 1481 sarracenorum
1490 1417 1582 1500 usque
1603 1415 1765 1480 Ierusalem

738 1501 881 1582 destruet,
895 1504 925 1568 dr
939 1505 1021 1588 quod
1038 1506 1139 1569 mense
1160 1505 1240 1568 lulio
1254 1506 1344 1568 debet
1362 1505 1427 1568 lieri
1449 1505 1563 1569 bellurn
1580 1506 1659 1588 apud
1680 1504 1766 1588 Kay-

738 1613 806 1654 rum
822 1593 852 1654 in
869 1592 992 1676 Egypto
1008 1596 1086 1657 inter
1101 1594 1281 1657 Sarracenos
1296 1594 1326 1657 dr
1339 1592 1526 1658 christianos.

777 1679 829 1743 De
844 1680 990 1744 Damiata
1005 1682 1125 1766 insuper
1140 1684 1258 1765 perdita
1271 1681 1415 1746 libentius
1429 1682 1540 1745 vellem
1552 1698 1662 1759 tacere,
1673 1701 1765 1765 quam

737 1769 852 1853 aliquid
867 1770 979 1848 dicere,
993 1770 1066 1832 dum
1087 1773 1169 1834 enim
1184 1770 1274 1833 nostri
1297 1772 1348 1852 qui
1364 1788 1450 1834 erant
1464 1773 1545 1835 intus
1559 1769 1674 1833 vellent
1686 1768 1767 1832 ultra

739 1859 879 1941 progredi
894 1856 1094 1922 &civitatem
1110 1880 1190 1921 nove
1205 1857 1361 1922 Babilonis
1377 1860 1541 1942 acquirere,
1552 1881 1613 1942 que
1627 1855 1670 1920 est
1683 1859 1766 1920 iuxta

738 1943 890 2029 Kayrum,
904 1944 1024 2029 longius
1041 1947 1184 2029 progreffi
1198 1969 1215 2008 a
1230 1946 1353 2010 soldano
1375 1944 1508 2009 conclusi
1526 1947 1593 2009 sunt
1612 1966 1650 2007 ex
1674 1945 1765 2006 inun-

738 2034 861 2096 datione
875 2031 953 2111 Nili,
968 2035 1010 2096 ita
1023 2036 1105 2118 quod
1121 2055 1229 2099 omnes
1250 2030 1391 2117 potuisset
1414 2033 1603 2117 submergere
1627 2031 1766 2095 soldanus

739 2121 769 2185 δι
784 2119 961 2199 interlicere,
975 2119 996 2182 sr
1010 2123 1159 2186 voluillet.
1181 2123 1274 2186 Unde
1290 2120 1466 2186 Damietam
1486 2122 1614 2185 reddere
1627 2117 1766 2202 conpulsi

737 2210 815 2288 sunt,
836 2208 865 2272 δι
887 2209 1093 2294 qualicunque
1113 2211 1291 2274 conditione
1313 2232 1375 2273 non
1399 2232 1470 2273 cum
1495 2210 1547 2272 suo
1571 2210 1698 2287 honore,
1718 2207 1765 2269 sed

737 2319 808 2362 cum
823 2297 939 2358 honore
955 2296 1069 2360 soldani
1084 2297 1242 2362 evaserunt
1256 2298 1286 2362 dr
1301 2297 1479 2381 quibusdam
1493 2298 1620 2380 captivis
1635 2297 1766 2359 invicem

736 2386 872 2461 redditis,
896 2400 995 2467 tregas
1020 2384 1226 2451 firmaverunt.
1258 2385 1300 2450 Et
1319 2387 1379 2449 hoc
1404 2401 1503 2450 toturn
1524 2384 1699 2448 adscribitur
1722 2382 1765 2446 illi

740 2471 884 2537 cardinali
900 2470 1033 2556 Pelagio,
1047 2476 1100 2559 qui
1114 2490 1220 2538 contra
1233 2475 1424 2538 voluntatem
1439 2474 1469 2536 dr
1480 2470 1540 2536 line
1549 2471 1675 2535 consilio
1688 2471 1766 2554 regis

738 2559 884 2624 Iohannis
904 2563 1073 2624 exercitum
1087 2563 1281 2625 christianum
1296 2563 1334 2624 de
1353 2559 1499 2623 Damieta
1513 2561 1596 2622 exire
1617 2558 1767 2642 conpulit,

737 2666 772 2712 ut
795 2651 868 2712 alias
890 2649 1029 2712 civitates
1051 2651 1244 2733 acquirerent
1264 2649 1323 2712 srne
1351 2649 1551 2731 providentia,
1575 2669 1647 2710 cum
1672 2646 1766 2725 illam,

742 2759 836 2824 quam
853 2737 996 2800 tenebant
1010 2737 1160 2799 custodire
1174 2758 1246 2799 cum
1260 2739 1393 2800 maxima
1406 2737 1525 2799 cautela
1539 2732 1714 2799 debuissent.

868 3057 927 3126 71.
953 3037 1064 3126 &soro
1082 3038 1115 3104 S.
1135 3034 1265 3122 osrnulfi
1285 3033 1452 3128 ‹slserrenfis
1469 3045 1524 3108 (-
1539 3042 1626 3110 ¹²43)-

1074 3239 1149 3304 [Μαι.
1165 3239 1260 3300 cem,
1272 3237 1321 3300 sn,
1334 3235 1436 3298 roan]

1243 3349 1262 3392 *

667 3501 727 3551 ¹²¹9
789 3491 934 3556 Damiata
948 3512 965 3553 a
978 3491 1144 3554 christianis
1158 3487 1326 3572 capitur,&
1337 3484 1497 3549 Ierusalem
1508 3507 1526 3548 a
1536 3478 1770 3566 paganisobrui·
1783 3502 1806 3549 p.
1816 3497 1861 3547 527

752 3597 811 3660 tur,
824 3580 855 3644 dt
868 3581 974 3643 civitas
990 3579 1027 3640 ab
1042 3574 1110 3661 ipfis
1123 3576 1354 3659 derelinquitur.

933 3867 990 3940 72.
1015 3845 1251 3917 Vrucnurrus
1278 3844 1583 3929 Bemovncnusrq

1065 4049 1265 4120 Memoriole
1283 4060 1342 4129 (-
1360 4058 1449 4128 1244‘).

780 4238 854 4302 [Ma
874 4236 915 4287 SS.
931 4233 1001 4300 Ball,
1023 4235 1090 4298 lun,
1109 4233 1156 4297 IV,
1178 4249 1201 4302 p.
1216 4235 1277 4296 677,
1292 4247 1346 4282 turn
1362 4229 1413 4282 cod.
1434 4225 1478 4293 rufi
1499 4225 1563 4278 Bibl.
1579 4235 1630 4278 nat
1647 4222 1738 4290 Paris,

966 4313 1011 4367 lat.
1030 4315 1110 4380 4936,
1124 4312 1140 4364 s.
1154 4311 1227 4374 xm,
1238 4309 1302 4374 in·4,
1314 4307 1331 4360 s.
1344 4325 1377 4374 43
1390 4308 1407 4360 b
1418 4305 1548 4370 collam}

1246 4431 1266 4474 ss

792 4579 917 4665 Insuper
937 4603 1008 4645 curn
1023 4580 1105 4643 idem
1120 4580 1302 4642 reverendus
1325 4574 1456 4639 Iacobus
1477 4573 1611 4639 Crucem
1627 4573 1772 4636 Hieroso-

748 4670 925 4754 lymitanam
952 4670 993 4731 ob
1019 4667 1143 4731 salutem
1168 4666 1334 4729 multorum
1355 4665 1385 4727 in
1407 4663 1571 4728 Brabantia
1595 4662 1775 4748 predicaret

747 4759 888 4842 contigit,
908 4775 942 4821 ut
967 4755 1178 4840 pacificaturus
1206 4754 1337 4839 quadarn
1360 4752 1410 4816 die
1434 4749 1578 4815 mortales
1603 4749 1776 4816 inimicitias
