4362 6560
490 944 563 1068 96.
588 942 794 1038 Chronico
814 944 934 1077 regia
963 941 1232 1073 Colonienfis.
1288 975 1371 1064 ¹47
1487 1021 1491 1038 .

256 1226 278 1273 p.
289 1221 331 1272 195
385 1196 422 1264 In
433 1199 542 1262 martio
556 1199 587 1263 dl
600 1199 631 1262 in
650 1199 732 1262 maio
751 1199 910 1264 innumera
930 1198 1096 1264 multimdo
1110 1194 1306 1282 lignatomm,
1319 1198 1369 1284 alij
1384 1221 1444 1268 assy

346 1310 401 1372 per
415 1303 517 1368 terras,
538 1286 587 1372 aiij
610 1289 744 1372 navigio,
764 1287 865 1351 versus
879 1284 1088 1350 lerosolimam
1107 1286 1281 1370 iteragresli
1295 1286 1371 1352 sunt

385 1375 422 1440 ln
436 1376 592 1442 nativitate
602 1373 701 1438 lanne
713 1375 817 1440 Marie
830 1376 954 1460 quidam
968 1374 1154 1460 signatorum
1164 1396 1236 1438 cum
1246 1391 1371 1440 centum
1383 1394 1444 1457 aept.
1458 1393 1472 1441 s

345 1466 566 1550 quinquaginta
587 1465 715 1530 navibus
735 1465 767 1528 in
788 1480 899 1529 terram
918 1463 998 1547 regis
1020 1461 1259 1546 Porthegalensrs
1272 1465 1372 1548 appli-

344 1571 449 1617 cantes
463 1553 500 1616 ad
519 1554 676 1616 civitatem
689 1553 845 1637 quondam
863 1551 1090 1615 munitissimam
1103 1550 1225 1614 Alkhar
1238 1551 1372 1616 devene-

345 1658 426 1721 runt,
446 1663 506 1726 que
520 1641 688 1706 christianis
708 1641 807 1705 multo
821 1657 961 1722 tempore
974 1640 1105 1702 nimium
1119 1639 1234 1720 insessa,
1249 1642 1372 1724 paganis

345 1729 477 1792 maxime
491 1729 617 1812 presidio
632 1728 698 1792 suit.
715 1725 823 1816 Quam
841 1727 963 1807 fossatis,
978 1727 1128 1790 machinis
1142 1725 1267 1812 aliisque
1280 1729 1372 1791 innu-

344 1817 539 1881 merabilibus
558 1837 714 1880 mmorum
728 1815 932 1880 instrumentis
946 1813 1211 1879 circumvallantes
1225 1835 1260 1878 ac
1274 1816 1372 1878 nimio

343 1920 456 1967 conatu
482 1925 536 1986 per
553 1906 618 1968 dies
642 1904 791 1988 plurimos
814 1903 1038 1986 impugnantes,
1063 1903 1186 1965 tandem
1206 1902 1321 1966 auxilio
1341 1902 1373 1966 dt

344 1989 470 2056 consilio
484 1993 618 2076 episcopi
631 1991 858 2056 Ulixibonensts
872 1990 902 2054 δι
915 2011 1022 2054 eorum
1036 1990 1180 2069 militum,
1215 1991 1247 2053 ui
1261 1991 1371 2054 dicun·

344 2098 394 2144 tur
414 2081 452 2143 de
474 2079 602 2160 Gladio,
626 2081 657 2144 in
682 2080 756 2142 sesto
778 2078 985 2162 apostolorum
1005 2077 1147 2163 Symonis
1160 2013 1281 2143 &lude
1302 2100 1371 2142 eam
1384 2093 1467 2144 ottob.
1479 2093 1509 2142 ιε

344 2183 502 2252 cepenmt.
526 2168 624 2232 Multi
645 2169 687 2232 ibi
708 2189 746 2231 ex
767 2167 935 2232 christianis
955 2167 998 2231 set
1011 2167 1110 2230 multo
1134 2167 1222 2250 plura
1235 2166 1320 2232 milia
1333 2189 1372 2230 ex

344 2281 365 2342 p
405 2258 468 2320 anis
482 2257 671 2320 ceciderunt.

413 2345 505 2407 odem
526 2366 607 2408 anno
632 2345 795 2424 christiani,
818 2346 871 2428 qui
896 2343 987 2407 Acris
1012 2343 1221 2422 morabantur,
1244 2337 1370 2405 consilio

344 2431 578 2514 templariorum
591 2434 754 2514 decorum,
774 2434 826 2517 qui
842 2447 926 2496 erant
946 2430 1094 2494 dedomo
1109 2429 1210 2494 Sansli
1224 2425 1370 2494 Iohannis

344 2517 488 2603 Baptiste,
508 2543 581 2585 cum
595 2522 791 2584 multitudine
815 2522 939 2584 navium
953 2521 1053 2584 verilis
1067 2520 1224 2582 civitatem
1243 2515 1371 2580 firmilli-

344 2627 427 2670 mam
449 2607 636 2690 Damiatam
660 2610 712 2672 ubi
733 2609 827 2674 Nilus
847 2609 924 2670 mari
943 2607 1053 2688 influit,
1080 2607 1168 2690 super
1188 2605 1259 2670 litus
1280 2608 1371 2671 maris

343 2693 440 2776 sitam,
466 2697 670 2780 applicantes,
705 2698 814 2761 turrim
840 2697 998 2780 quondam
1024 2718 1063 2759 ex
1090 2694 1212 2758 adverso
1240 2693 1371 2778 positum
1384 2715 1443 2762 1218

344 2783 461 2864 magnis
482 2782 650 2868 sumptibus
674 2786 853 2869 ingentique
872 2783 975 2846 labore
999 2805 1035 2847 ac
1049 2782 1187 2867 periculo
1201 2781 1371 2848 multorum

344 2869 556 2953 inpugnantes,
569 2875 693 2938 tandem
713 2875 854 2936 vicerunt
866 2872 906 2951 a,
929 2893 969 2936 ne
983 2872 1061 2935 ultra
1074 2871 1227 2935 christiani
1241 2872 1373 2954 impedi·

343 2974 448 3021 mento
462 2959 552 3041 soret,
568 2978 689 3044 captam
704 2962 767 3024 solo
782 2977 870 3024 tenus
886 2961 1083 3038 deiecerunt3
1096 2957 1200 3044 sicque
1213 2960 1280 3042 post
1293 2975 1372 3022 tem-

344 3067 401 3130 pus
421 3048 540 3133 aliquot
561 3049 672 3113 Nilum
693 3049 821 3112 fluvium
842 3046 1038 3130 trarrseuntes,
1061 3049 1093 3113 in
1107 3069 1200 3110 manu
1220 3046 1371 3110 valida&

345 3137 481 3199 exercitu
502 3138 628 3220 copioso
645 3137 740 3222 ipsam
753 3139 909 3201 civitatem
925 3133 1103 3200 Damiatam
1118 3133 1289 3200 obsidentes
1303 3155 1371 3196 mu-

345 3225 514 3288 nitionibus
527 3226 806 3289 circumdederunt.

255 3345 277 3390 ρ.
290 3327 333 3388 ¹9⁶
387 3311 504 3377 Civitas
519 3311 666 3376 Damiata
687 3314 748 3376 iam
763 3313 887 3376 biennio
901 3334 919 3375 a
931 3313 1101 3377 christianis
1121 3311 1234 3376 obsessa
1247 3310 1327 3374 same
1341 3308 1371 3372 δι
1385 3339 1444 3389 1219

346 3397 392 3464 srti
406 3401 554 3485 omnique
568 3423 680 3485 genere
694 3400 847 3465 bellorum
859 3401 1091 3466 intolerabiliter
1105 3399 1277 3464 excruciata
1289 3399 1371 3462 circa
1384 3413 1445 3460 Nor.
1459 3426 1469 3461 r

345 3487 453 3552 festum
468 3488 621 3554 Omnium
635 3489 816 3554 Sanslorum
829 3505 918 3574 capta
932 3489 984 3553 est.

344 3727 404 3829 96.
428 3733 584 3804 Chronica
598 3735 692 3826 regia
709 3731 892 3828 Colonienfis
908 3733 1094 3800 continuatio
1110 3733 1200 3800 terris
1223 3739 1370 3810 (-1219).

600 3913 660 3982 [Ed.
674 3915 709 3968 G.
720 3912 818 3978 Waltz,
831 3915 947 3980 Hanov„
963 3915 1038 3978 raso,
1050 3909 1121 3982 in·8.]

848 4053 868 4098 ί

254 4210 332 4274 μηδ
386 4195 536 4276 Andreas,
557 4216 610 4258 rex
629 4193 775 4278 Ungarie,
794 4191 967 4276 Lupoldus,
985 4194 1048 4256 dux
1064 4193 1197 4273 Austris,
1209 4191 1370 4276 cumepis·
1385 4229 1444 4276 1217

345 4283 662 4440 prqqipelqpltcomitibus
677 4280 707 4344 δι
727 4281 851 4365 copiosa
870 4281 1066 4345 multitudine
1085 4275 1272 4364 signatorum
1286 4301 1370 4344 mare

529 4497 632 4562 [Rateufio
639 4499 709 4562 prior,
719 4509 742 4544 at
751 4495 846 4556 uidetur,
857 4493 930 4543 tuditis
943 4495 1012 4544 Vatia.
1023 4495 1052 4544 R.
1063 4495 1114 4543 Gar.
1126 4494 1189 4558 5η]

386 4613 536 4692 Andreas,
549 4632 602 4674 rex
616 4611 762 4696 Ungarie,
782 4609 954 4693 Lupoldus,
968 4609 1030 4672 dux
1051 4607 1181 4690 Austris,
1205 4607 1371 4673 Bavinbet-

345 4699 443 4786 gensis
465 4699 625 4784 episcopus
647 4719 720 4762 curn
742 4699 830 4763 fratre
854 4696 907 4760 suo
931 4697 1010 4760 duce
1034 4695 1177 4761 Metanie
1198 4696 1228 4760 δι
1248 4695 1372 4781 copiosa
