4362 6560
842 967 923 1081 146
980 967 1223 1096 Testimonio
1245 968 1288 1058 in
1313 967 1529 1060 Germania
1538 968 1720 1092 scripto.

759 1229 1001 1312 ¹²14inplorabat
1025 1229 1278 1310 misericordiam,
1302 1252 1373 1292 cum
1397 1253 1471 1294 ecce
1493 1231 1610 1315 signum
1633 1231 1734 1295 sanese
1757 1231 1854 1296 ciucis
1868 1255 1890 1299 n·
1905 1251 1948 1298 ¹9³

830 1317 972 1381 omnibus
993 1318 1030 1380 ad
1054 1318 1240 1381 audiendum
1264 1320 1389 1383 verbum
1411 1319 1473 1383 Dei
1497 1319 1759 1384 circumstantibus
1784 1342 1855 1382 cum

830 1406 976 1468 immenso
991 1404 1137 1468 claritatis
1151 1404 1269 1488 fulgore
1285 1407 1315 1468 in
1330 1407 1398 1470 celo
1412 1409 1562 1491 apparuit,
1583 1408 1704 1491 ipseque
1718 1407 1856 1491 magister

829 1491 982 1556 lohannes
993 1493 1118 1576 strepitu
1129 1493 1341 1558 tumultuantis
1356 1495 1462 1579 populi
1473 1498 1601 1576 excitus,
1616 1517 1694 1581 quos
1708 1498 1740 1558 in
1755 1497 1855 1580 predi-

828 1582 928 1644 cando
942 1581 1058 1664 semper
1079 1581 1194 1646 clausos
1209 1583 1331 1646 tenebat
1351 1583 1459 1648 oculos
1474 1586 1622 1667 aperiens,
1643 1606 1767 1647 crucem
1781 1581 1856 1648 ficut

828 1669 918 1731 ceteri
939 1667 969 1729 dr
989 1668 1051 1750 ipse
1070 1667 1205 1731 similiter
1226 1669 1312 1748 vidit,
1335 1671 1479 1734 miratos
1503 1671 1533 1733 δι
1553 1671 1590 1735 ad
1615 1670 1855 1735 confirmandam

828 1756 935 1840 populi
955 1754 1048 1818 fidem
1071 1759 1167 1840 magis
1192 1757 1345 1840 magisque
1369 1758 1429 1841 ipsa
1448 1759 1494 1820 rei
1515 1760 1636 1824 nouitas
1660 1761 1854 1823 ammiranda

827 1843 911 1907 Nam
926 1845 979 1930 hij,
1000 1848 1052 1931 qui
1073 1847 1163 1910 rebus
1177 1845 1397 1928 temporalibus
1411 1845 1591 1926 insiliebant,
1610 1849 1812 1912 vociferantes
1826 1849 1856 1911 dr

826 1932 938 1996 sursum
958 1935 1135 2016 aspicientes
1159 1934 1355 2014 mirabantur,
1379 1936 1483 2018 agnita
1502 1956 1574 1998 vero
1599 1937 1641 1998 rei
1663 1938 1800 2016 veritate,
1824 1939 1855 2001 in

827 2023 928 2085 celum
949 2023 1102 2087 intuentes
1122 2043 1198 2086 cunt
1217 2021 1463 2106 ni[hil]·vi[de]re
1478 2023 1630 2107 [polffenu
1647 2025 1856 2108 obstupefacti,

828 2110 942 2174 relictis
967 2110 1120 2194 scaneins,
1144 2111 1255 2195 quibus
1280 2110 1527 2196 implicabant[ur
1547 2111 1707 2195 negolciis,
1728 2116 1781 2193 eis,
1802 2116 1855 2197 qui

826 2199 919 2262 verbo
941 2197 1005 2262 Dei
1018 2199 1205 2262 adherebant
1219 2198 1276 2260 sese
1291 2198 1401 2262 devote
1419 2201 1661 2277 coniunxerunt,
1684 2201 1742 2263 aest
1761 2203 1856 2266 corde

826 2287 994 2369 conpundli
1014 2309 1084 2350 cum
1099 2289 1208 2352 ceteris
1222 2286 1252 2350 dc
1265 2285 1320 2370 ipsi
1338 2309 1464 2351 crucem
1478 2289 1619 2351 viderunt
1624 2315 1634 2365 3
1657 2288 1739 2351 unde
1753 2311 1791 2352 eo
1806 2290 1856 2352 die

827 2373 896 2458 plus
910 2397 1002 2459 quam
1017 2375 1102 2438 mille
1116 2377 1274 2460 quingenti
1290 2396 1412 2439 crucem
1427 2375 1622 2459 sumpserunt
1637 2373 1717 2440 Item
1731 2378 1761 2440 in
1777 2393 1855 2440 terra

826 2461 852 2526 F
853 2462 1039 2527 riscenorum
1062 2464 1142 2546 apud
1167 2464 1324 2526 civitatem
1348 2465 1502 2549 quandam
1526 2463 1702 2545 Holovero,
1731 2466 1855 2529 maioris

825 2548 951 2614 ecclesie
978 2553 1009 2615 in
1038 2551 1173 2616 Colonia
1196 2551 1369 2632 scolastico,
1396 2569 1536 2636 tempore
1562 2552 1698 2636 quodam
1726 2554 1855 2617 verbum

825 2641 925 2704 crucis
949 2640 1136 2723 predicante,
1158 2638 1246 2703 simili
1272 2641 1366 2705 modo
1391 2661 1465 2704 crux
1488 2643 1520 2704 in
1545 2640 1613 2704 celo
1638 2643 1706 2704 miri
1729 2641 1855 2726 fulgoris

747 2727 748 2738 ’
825 2729 982 2877 apparuit3
997 2750 1060 2812 quo
1074 2727 1137 2791 viso
1151 2727 1214 2811 ipsa
1228 2729 1277 2792 die
1291 2728 1527 2794 innumerabiles
1540 2728 1645 2813 signati
1659 2730 1734 2792 sunt
1867 2754 1890 2799 p·
1903 2751 1949 2800 ¹94

752 2829 811 2880 12¹5
882 2814 934 2899 pso
955 2835 1035 2878 anno
1051 2814 1232 2898 Saphatinus
1251 2837 1325 2878 cum
1343 2815 1413 2880 siliis
1427 2817 1528 2880 fratris
1547 2815 1728 2880 suiSulstini
1743 2837 1854 2879 recon-

825 2903 955 2984 ciliatus,
985 2903 1120 2966 exercitu
1142 2906 1255 2986 pariter
1280 2918 1475 2987 mugregmo,
1498 2899 1707 2966 lenolblimam
1732 2903 1855 2982 adeunt,

824 3007 949 3075 repente
963 2990 1051 3075 super
1065 2991 1275 3075 inprovisos&
1284 2992 1380 3056 nichil
1395 2990 1467 3054 mali
1482 2990 1662 3074 suspicantes
1675 2990 1854 3056 christianos

824 3081 1204 3230 {sutrinus
1225 3165 1854 3252 nm,

823 3256 958 3337 capiunt,
972 3256 1129 3334 occidunt,
1140 3255 1238 3336 villas,
1248 3255 1345 3334 vicos,
1358 3255 1458 3334 urbes,
1472 3253 1575 3334 castra,
1585 3254 1706 3318 castella
1718 3255 1853 3337 capiunt,

824 3343 982 3426 diripiunt,
995 3342 1162 3423 destruunt,
1177 3345 1324 3428 omnique
1338 3342 1518 3406 crudelitate
1533 3357 1712 3426 perpetrate,
1736 3341 1854 3426 reliqua

823 3430 1853 3597 {sisinninm{massennes{tinniunt

823 3607 1004 3686 occisorum,
1028 3605 1246 3669 desolationem
1265 3605 1369 3670 Terre
1390 3605 1499 3670 Sandbe
1519 3605 1619 3669 statim
1641 3627 1714 3669 cum
1734 3605 1853 3668 festina·

822 3696 907 3758 u'one
929 3695 1057 3758 domino
1088 3715 1167 3777 pape
1188 3693 1322 3758 Romam
1346 3693 1527 3759 denuntiare
1549 3709 1732 3758 curaverunt
1751 3692 1781 3756 dc
1798 3691 1853 3754 nist

823 3781 877 3846 libi
891 3783 1020 3850 celerius
1031 3782 1266 3863 succurreretur,
1280 3783 1376 3866 ipsum
1386 3783 1544 3846 modicum
1555 3797 1643 3863 terre,
1657 3782 1740 3867 quod
1752 3780 1851 3844 adbuc

822 3885 991 3956 utcumque
1009 3888 1112 3934 tenere
1131 3870 1324 3950 videbantur,
1345 3871 1376 3934 in
1391 3870 1475 3933 brevi
1490 3869 1518 3933 se
1532 3865 1690 3933 amissuros
1703 3867 1852 3931 veriffime

821 3959 1014 4023 testabantur.
1044 3955 1122 4046 Quo
1150 3955 1223 4022 triffi
1247 3960 1356 4022 nuntio
1383 3979 1462 4042 papa
1492 3957 1693 4042 universoque
1716 3955 1850 4020 concilio

820 4047 951 4109 nimium
973 4061 1076 4109 mente
1100 4044 1305 4126 consternato,
1328 4046 1402 4130 quid
1425 4044 1588 4128 superbae
1609 4059 1671 4106 tam
1692 4043 1851 4126 repentina

820 4134 907 4198 clade
921 4136 959 4198 ad
975 4133 1096 4218 presens
1110 4153 1188 4216 opus
1199 4131 1281 4214 esset,
1296 4133 1348 4198 diu
1364 4153 1399 4195 ac
1413 4133 1480 4196 satis
1494 4130 1642 4195 subtiliter
1654 4133 1692 4195 ab
1706 4131 1850 4194 onutibus

821 4223 1021 4287 deliberatum
1045 4219 1096 4286 est.
1125 4219 1288 4309 Quoniam
1312 4222 1404 4305 igitur
1427 4221 1582 4303 expeditio
1606 4220 1850 4304 generalisque

820 4311 993 4376 universalis
1016 4309 1139 4394 concilij
1162 4309 1265 4373 edisio
1286 4310 1318 4373 in
1339 4310 1475 4372 futurum
1493 4329 1608 4372 annum
1628 4309 1708 4371 inter
1721 4305 1849 4370 diversas

820 4395 922 4461 causas
937 4397 1090 4480 protracta
1108 4395 1216 4474 bremt,
1239 4395 1332 4460 laxari
1354 4395 1397 4459 sas
1417 4417 1482 4459 non
1501 4411 1575 4474 erat,
1597 4396 1740 4459 omnibus
1754 4394 1782 4458 se
1796 4414 1849 4457 ex·

821 4481 1179 4568 pedirevslentibus&in
1189 4485 1360 4548 continenti
1372 4483 1537 4547 innomine
1546 4481 1676 4546 Domini
1688 4485 1731 4547 ire
1740 4482 1847 4546 volen-

820 4575 901 4638 tibus
911 4595 983 4636 cum
994 4571 1207 4636 benedidione
1219 4571 1384 4658 apostolica
1394 4571 1583 4657 indulgentia
1592 4571 1847 4636 eundiadomino

821 4682 900 4764 papp
912 4661 1086 4749 indulgetur
1100 4705 1109 4723 .
1122 4705 1130 4722 .
1145 4705 1154 4723 .
1169 4705 1176 4722 .
