4168 6502
803 954 891 1050 280
988 953 1234 1082 Testimonic
1255 955 1297 1046 in
1319 951 1633 1082 Itosioscripro.

727 1227 783 1265 ¹²²¹
798 1215 891 1281 hostis
905 1232 1036 1282 armatus
1060 1215 1090 1282 δι
1117 1215 1228 1282 alicubi
1256 1235 1366 1299 aggere
1388 1215 1418 1279 δι
1439 1212 1513 1278 solla
1534 1215 1756 1280 communitam
1776 1215 1813 1278 ira

798 1303 1019 1384 obtinebatur
1041 1303 1138 1387 prelio
1161 1304 1313 1368 videretur
1334 1300 1580 1386 pericutofiffimo
1600 1301 1811 1370 deturbatum.

800 1390 927 1458 Petitam
939 1393 1041 1475 itaque
1055 1392 1145 1456 miffis
1159 1392 1332 1458 oratoribus
1356 1411 1463 1472 pacem
1477 1389 1627 1454 christiani
1645 1390 1695 1452 bis
1714 1392 1812 1454 condi·

799 1480 934 1545 tionibus
942 1481 983 1541 im
1024 1495 1150 1558 travere,
1158 1497 1192 1546 ut
1197 1479 1342 1544 Damiata
1348 1500 1419 1542 cum
1431 1480 1520 1542 rebus
1531 1481 1563 1541 in
1573 1500 1608 1542 ea
1618 1477 1745 1560 repertis
1755 1478 1814 1542 Sol·

800 1566 879 1628 dano
890 1567 964 1630 dimi
989 1582 1203 1648 apartemque
1212 1565 1285 1649 ligni
1297 1566 1507 1649 crucisquam
1515 1565 1709 1642 illehaberer,
1717 1566 1813 1628 redde-

799 1669 856 1732 rer,
869 1653 899 1718 bt
913 1655 1041 1736 captivis
1054 1654 1180 1717 viciffim
1193 1651 1335 1732 liberatis,
1348 1651 1499 1718 christiani
1513 1655 1677 1717 Acconem
1686 1652 1815 1735 Tyrum-

799 1762 859 1824 que
865 1742 1009 1804 redirent
1025 1739 1150 1826 Quibus
1161 1742 1284 1806 urbibus
1294 1740 1440 1804 &earum
1452 1741 1574 1824 oppidis
1585 1739 1727 1823 paxoao
1738 1741 1814 1804 annu

799 1825 871 1891 esset
880 1849 952 1892 cum
961 1828 1071 1894 Turco
1081 1829 1308 1913 Sarracenoque
1316 1828 1467 1892 servanda
1474 1827 1550 1914 Que
1556 1829 1648 1912 igitur
1657 1827 1815 1910 ingloriose

698 1917 761 1962 Μ’*-
772 1930 787 1962 ²
800 1915 934 1998 Virginis
946 1915 1157 1998 purificatione
1167 1917 1295 1980 habitari
1308 1935 1398 2000 cepta
1407 1917 1450 1980 est
1464 1916 1625 1992 Damiata3
1638 1917 1677 1978 ad
1691 1916 1815 1978 eiuflem

649 2017 762 2080 septem
774 2015 787 2063 8
800 2005 964 2068 nativitatis
978 2003 1060 2068 diem
1074 2005 1192 2068 reddita
1212 2005 1408 2069 barbarorum
1427 2005 1565 2086 spurcitie
1585 2003 1776 2087 inquinanda
1788 2000 1815 2067 Is

800 2111 897 2156 mnus
910 2090 1009 2156 salutis
1028 2109 1093 2157 erat
1114 2093 1228 2176 primus
1249 2093 1406 2157 vicesimus
1426 2091 1648 2176 duodeciesque
1669 2107 1815 2156 centenus.

972 2363 1051 2414 200.
1076 2341 1321 2414 Laurens-ms
1345 2342 1665 2430 Bonmconmrus,

1102 2509 1239 2598 Historia
1256 2508 1361 2576 Sicula
1388 2517 1423 2584 (o
1440 2517 1529 2586 1475).

929 2673 1052 2746 [binius.
1067 2675 1166 2730 Destitit
1178 2676 1341 2741 Μίνω,
1352 2675 1429 2741 Flos,
1443 2693 1519 2742 1739,
1532 2674 1614 2741 iri-ra,
1627 2668 1646 2727 l.
1660 2677 1703 2740 V.]

1306 2805 1325 2848 2

946 2927 1686 2994 [movi-mauiveqovrummmm]

731 3085 789 3132 ¹²¹9
841 3071 962 3136 Interea
980 3073 1137 3137 Saladinus
1161 3072 1211 3136 sua
1231 3073 1325 3136 castra
1344 3075 1424 3136 inter
1445 3073 1632 3152 Damiatam,
1645 3075 1677 3137 δι
1696 3075 1882 3139 earnm

802 3161 972 3237 locaverat3
983 3163 1035 3245 qui
1046 3161 1099 3224 etsr
1110 3161 1207 3243 sepius
1219 3177 1400 3242 provocatus
1411 3161 1556 3236 anostris,
1566 3163 1596 3224 in
1607 3177 1815 3244 certamenque

801 3249 946 3328 admetus,
963 3265 1064 3312 tamen
1080 3269 1213 3331 pugnam
1228 3249 1408 3326 detrectans,
1422 3249 1589 3312 castrorum
1604 3251 1816 3312 munitionibus

802 3333 830 3398 se
843 3337 1031 3400 continebat.
1045 3335 1102 3398 Sed
1119 3336 1242 3398 tandem
1262 3356 1280 3397 a
1301 3334 1403 3401 Gallis
1423 3335 1571 3399 militibus
1591 3335 1724 3418 asperius
1736 3334 1816 3398 inses-

800 3439 891 3502 tatus,
903 3426 1064 3506 eruptione
1083 3423 1171 3501 aaa,
1185 3422 1382 3488 Gualterium
1405 3443 1511 3484 eorum
1532 3421 1643 3484 ducem
1670 3421 1701 3485 br
1724 3421 1816 3504 plures

800 3510 1030 3573 christianorum
1053 3510 1173 3572 nobiles
1194 3511 1372 3590 intercepit3
1393 3507 1424 3571 br
1445 3506 1573 3577 Iohanni
1597 3509 1661 3593 regi
1687 3507 1817 3570 manibus

802 3598 939 3680 facieque
966 3596 1125 3660 combusta
1150 3598 1251 3659 sedam
1285 3598 1350 3660 eius
1383 3598 1522 3678 corporis
1554 3598 1687 3659 sormam
1717 3594 1815 3658 effecit

802 3684 896 3748 Fame
914 3685 1036 3763 deinde,
1049 3684 1079 3747 δι
1101 3683 1268 3768 pestilentia
1289 3684 1319 3745 in
1341 3684 1414 3746 urbe
1428 3701 1544 3761 exorta,
1556 3684 1734 3766 civibusque
1747 3701 1816 3765 pene

801 3773 944 3836 omnibus
962 3772 1115 3851 absumtis,
1136 3772 1302 3854 insequenti
1317 3792 1409 3849 anno,
1423 3770 1568 3834 Damiata
1583 3795 1600 3834 a
1614 3772 1724 3835 nostris
1737 3786 1817 3852 capra

802 3860 851 3922 est.
866 3860 989 3923 Tria&
1004 3859 1190 3943 septuaginta
1202 3859 1363 3921 hominum
1377 3859 1473 3921 millia
1487 3858 1575 3941 supra
1584 3877 1720 3937 centum,
1729 3876 1815 3941 quum

802 3948 874 4011 urbs
888 3945 1015 4011 obsideri
1031 3961 1164 4028 ceperat,
1178 3947 1208 4008 in
1223 3945 1324 4009 castris
1338 3946 1568 4009 christianorum
1581 3945 1666 4008 fuiffe
1680 3947 1815 4008 feruntur.

802 4035 887 4099 Urbs
908 4035 1047 4098 ditiffima
1068 4054 1121 4098 eos
1146 4049 1263 4097 tannim
1281 4035 1333 4116 qui
1358 4033 1562 4115 superfuerant
1584 4036 1704 4112 ditavit,
1717 4033 1763 4096 sed
1785 4041 1880 4094 estut

801 4144 865 4185 non
880 4124 963 4205 prius
983 4121 1149 4184 inhabitata
1168 4144 1186 4184 a
1205 4121 1311 4184 nostris
1331 4121 1383 4199 esl,
1397 4143 1490 4204 quam
1503 4123 1701 4185 cadaveribus
1715 4139 1815 4202 expur-

801 4227 886 4294 gata3
900 4212 993 4293 idque
1006 4211 1108 4292 operis
1122 4210 1256 4273 barbaris
1270 4209 1441 4272 concessere
1471 4250 1814 4271 ........

802 4297 976 4362 Cardinalis
1000 4297 1165 4375 Columna,
1189 4318 1280 4380 quem
1301 4293 1435 4379 legatum
1458 4317 1476 4358 a
1495 4297 1640 4378 pontifice
1665 4299 1696 4360 in
1721 4293 1883 4358 Anamis*

801 4387 1049 4463 memoravimus,
1074 4406 1168 4468 quum
1190 4382 1338 4446 Ioannem
1361 4384 1485 4467 superbe
1498 4385 1588 4448 nimis
1603 4406 1669 4447 rem
1684 4381 1815 4446 adminis-

802 4489 933 4536 trantem
956 4473 1133 4555 increparet,
1157 4473 1182 4536 is
1205 4494 1268 4534 non
1292 4472 1391 4536 ferens
1413 4471 1479 4536 eius
1502 4473 1637 4537 monitus
1661 4469 1814 4536 Ierusalem

801 4561 883 4622 abiit.

871 4675 940 4740 [ἢν
950 4677 1024 4723 absint
1029 4675 1154 4742 sequuntur,
1165 4678 1239 4722 item
1249 4694 1259 4722 e
1271 4674 1347 4737 Πανὶ]
1356 4677 1433 4724 Blandi
1443 4677 1567 4724 Drcadibur
1578 4679 1684 4743 eascn'pta
1692 4677 1756 4742 sm]
