4376 6562
749 1010 830 1101 168
876 1008 1120 1142 ‘leflimonia
1149 1009 1191 1101 in
1226 1007 1447 1100 Germania
1461 1006 1644 1132 scripto.

1187 1365 1265 1430 lV,c.
1281 1381 1322 1416 ιι.

743 1519 793 1582 De
805 1517 916 1597 verula,
928 1539 981 1602 qne
990 1533 1045 1602 per
1062 1517 1189 1582 choream
1203 1519 1323 1582 uerbum
1337 1518 1428 1580 crucis
1444 1541 1464 1580 a
1486 1515 1620 1602 magistu
1642 1513 1765 1578 malda

787 1607 933 1691 prolatatur
945 1608 1093 1692 impediens
1100 1611 1134 1672 sd
1143 1607 1275 1687 irridear,
1283 1607 1368 1690 infra
1381 1605 1507 1668 triduum
1520 1605 1653 1688 sesanna
1663 1603 1710 1686 est.

783 1789 866 1854 Cum
888 1786 960 1854 esset
981 1790 1062 1853 idem
1086 1789 1242 1854 Amoldua
1267 1789 1366 1872 pastor
1387 1791 1416 1851 in
1442 1787 1616 1870 Burgtmde,
1638 1810 1699 1872 que
1723 1787 1766 1851 est

639 1877 689 1924 1⁸¹²·
700 1889 729 1937 ²⁹
742 1878 815 1942 villa
829 1878 978 1957 Duentie,
990 1877 1021 1941 ἂ
1037 1879 1067 1940 in
1082 1877 1132 1940 die
1145 1875 1366 1956 Apostolorum
1382 1876 1464 1941 Petri
1477 1876 1509 1940 dt
1522 1874 1619 1956 Pauli,
1632 1879 1698 1942 eiua
1712 1900 1766 1961 pa·

742 1967 878 2030 rochiani
893 1967 1046 2052 quendam
1061 1966 1167 2029 ludum
1181 1986 1316 2029 anntunn
1330 1966 1362 2028 in
1382 1964 1546 2030 choreis&
1565 1962 1686 2031 musteis
1707 1969 1766 2030 ins·

744 2055 905 2119 trumentis
920 2055 1101 2132 recolerent,
1115 2052 1177 2137 ipse
1192 2055 1252 2118 iam
1274 2054 1389 2118 habene
1403 2055 1577 2137 predicandi
1600 2054 1765 2120 audiorita·

743 2160 815 2222 tem,
828 2165 900 2206 cum
925 2165 1017 2207 cruce
1035 2143 1072 2206 ad
1097 2143 1242 2206 choream
1267 2142 1395 2222 acceffit,
1408 2141 1439 2205 ἂ
1459 2158 1494 2205 ut
1517 2163 1535 2206 a
1558 2142 1631 2205 ludo
1651 2145 1766 2209 diaboli

741 2233 928 2309 recederent,
947 2251 1053 2294 omnes
1074 2231 1205 2308 monuit,
1218 2231 1534 2316 rogavit&precepit.
1551 2232 1618 2320 Qui
1639 2255 1709 2297 cum
1735 2236 1765 2298 in

742 2319 934 2384 eodemloco
949 2319 1104 2402 predicare
1125 2317 1258 2400 cepisset,
1268 2320 1392 2404 quidam
1413 2321 1592 2386 obedientes
1612 2323 1650 2385 ad
1665 2325 1768 2406 predi-

743 2411 897 2473 cationem
917 2409 982 2471 eius
999 2422 1149 2470 venerunt
1161 2435 1171 2483 3
1185 2407 1234 2490 alij
1257 2429 1328 2471 cum
1351 2409 1560 2492 indignatione
1581 2413 1768 2492 recedentes,

742 2511 849 2559 contra
885 2496 1028 2558 choream
1068 2493 1235 2570 steterunt;
1269 2496 1409 2560 nonnulli
1445 2499 1477 2560 in
1513 2496 1563 2560 sua
1603 2501 1768 2580 pertinacia

744 2585 979 2665 permanserunt.
1007 2579 1092 2645 Inter
1120 2605 1199 2664 quoa
1229 2600 1294 2647 erat
1320 2585 1423 2649 vetula
1450 2607 1512 2647 una
1538 2580 1627 2650 stulta
1652 2607 1689 2648 ac
1720 2586 1769 2650 su-

744 2671 845 2754 perba,
859 2693 919 2754 que
929 2671 1072 2754 quotiens
1083 2671 1119 2732 ad
1131 2669 1317 2734 sacerdotem
1330 2669 1461 2735 Domini
1472 2672 1503 2734 in
1514 2672 1626 2734 chorea
1635 2673 1768 2735 circum-

743 2760 846 2823 eundo
861 2756 996 2838 venisset,
1009 2772 1117 2822 contra
1140 2779 1212 2821 eum
1223 2757 1386 2841 respiciens
1403 2762 1556 2822 cantando
1570 2758 1768 2825 subsannavit.

744 2845 819 2934 Quo
833 2847 910 2910 infra
934 2848 1068 2911 triduum
1094 2847 1191 2910 subito
1216 2847 1360 2910 defunsta
1379 2848 1430 2910 eit
1453 2846 1560 2935 Quam
1583 2849 1631 2911 vir
1651 2849 1768 2916 sanetus

742 2935 782 3000 fic
796 2934 928 3014 deflevit,
941 2957 977 2998 ac
999 2935 1020 2999 h
1043 2936 1183 3000 manibus
1198 2934 1255 2999 suis
1279 2934 1362 2997 illam
1376 2933 1566 2999 exstinxisset
1587 2935 1645 3000 Per
1658 2940 1768 3004 vitium

745 3022 880 3105 superbie
892 3024 1006 3086 multoe
1020 3022 1159 3086 diabolus
1173 3037 1278 3085 tentat.
1294 3021 1387 3085 Unde
1408 3022 1588 3086 studendum
1611 3024 1654 3087 est
1666 3029 1768 3090 omni·

745 3111 811 3190 bun,
825 3113 957 3174 maxime
979 3111 1125 3196 religiosis
1149 3110 1179 3174 dr
1193 3109 1410 3190 claustralibus,
1424 3127 1458 3174 ut
1471 3112 1510 3175 fic
1524 3111 1553 3173 se
1567 3113 1597 3174 in
1612 3114 1723 3195 verbis,
1737 3117 1768 3180 in

744 3198 887 3283 gestibus,
905 3201 936 3263 in
949 3200 1145 3280 vestimentis,
1159 3198 1189 3262 dr
1204 3201 1234 3262 in
1248 3200 1356 3262 ceteris
1375 3200 1527 3279 omnibus,
1541 3221 1601 3283 que
1624 3203 1661 3265 ad
1684 3206 1769 3268 usum

744 3289 930 3353 exteriorem
953 3290 1117 3373 pertinent,
1130 3287 1303 3369 exhibeant,
1322 3308 1362 3354 ne
1376 3289 1456 3373 apud
1476 3287 1623 3354 seculares
1640 3292 1672 3354 in
1693 3294 1769 3358 vitio

745 3374 880 3459 superbie
894 3378 1045 3444 notabiles
1058 3377 1142 3442 liant.

1199 3591 1230 3655 V,
1241 3603 1264 3641 c.
1278 3605 1319 3642 ιι.

1142 3734 1191 3799 De
1213 3737 1377 3800 demonibus.

787 3893 988 3978 Longanimis
1002 3894 1045 3958 eli
1059 3897 1142 3958 enim
1153 3896 1184 3960 dt
1194 3897 1312 3979 patiens
1327 3896 1469 3960 redditor.
1485 3894 1552 3982 Qui
1569 3894 1771 3960 Damiatanos
1783 3902 1804 3962 ¹,
1815 3918 1838 3965 a·
1850 3913 1893 3964 303

745 3980 812 4065 post
842 3983 1002 4046 victoriam
1029 4006 1067 4046 eo
1095 3989 1178 4067 quod
1207 3982 1343 4048 crucifixi
1367 3983 1450 4048 collo
1476 3985 1549 4048 fune
1572 3984 1694 4068 alligata
1718 4005 1773 4067 per

745 4070 860 4154 plateas
870 4069 959 4133 illum
973 4086 1137 4151 traxenmt,
1157 4073 1188 4134 in
1204 4071 1286 4136 collo
1300 4072 1330 4136 dt
1342 4073 1372 4135 in
1386 4086 1507 4156 gutture
1521 4089 1584 4135 tam
1598 4072 1772 4137 terribiliter

746 4159 876 4241 punivit,
889 4174 975 4242 puto,
989 4160 1062 4243 quia
1075 4161 1129 4225 has
1146 4159 1344 4244 blasphemias
1365 4160 1491 4224 minime
1508 4161 1709 4225 diffimulabit.

1194 4371 1253 4438 vn,
1264 4387 1287 4425 c.
1301 4387 1325 4436 3.

886 4524 936 4589 Dr
945 4524 1037 4611 plaga
1050 4524 1143 4613 Friſsr
1156 4527 1188 4588 ab
1200 4525 1337 4590 iniuriam
1352 4525 1495 4590 Dominici
1506 4527 1636 4612 corporis.

674 4702 733 4752 ιιιι
789 4685 886 4750 Parvo
910 4687 977 4770 posi
998 4689 1057 4750 hec
1077 4687 1193 4751 emerso
1220 4701 1370 4771 tempore,
1397 4708 1478 4751 anno
1504 4688 1648 4752 videlicet
1677 4688 1878 4774 gratiemm

748 4774 907 4840 millesimo
922 4773 1129 4840 ducentefimo
1144 4775 1266 4839 decimo
1280 4776 1401 4856 ottavo,
1414 4796 1498 4840 mare
1511 4777 1543 4840 in
1554 4778 1690 4860 partibus
1701 4775 1770 4841 Fri·
