4336 6572
827 951 908 1012 roo
985 917 1226 1046 seflinonm
1258 916 1299 1010 ln
1334 911 1477 1008 Gallio
1492 913 1674 1039 scriptu.

744 1189 803 1238 raas
816 1179 938 1234 adrem
951 1177 1007 1248 sepe
1019 1177 1181 1232 montiaretur.
1194 1178 1225 1230 In
1237 1176 1336 1232 saffica
1346 1175 1463 1247 principie
1484 1177 1666 1248 Apobslnrsm
1680 1177 1771 1234 festum
1786 1177 1839 1230 Pu-

714 1261 777 1311 lete.
788 1276 804 1311 a
815 1257 959 1314 rifisadoms
970 1256 1181 1328 patriarchatum
1193 1257 1234 1310 sor
1246 1256 1366 1327 episcopis
1378 1256 1511 1310 solenniter
1522 1257 1667 1346 combassit.

1002 1445 1051 1510 82.
1074 1445 1125 1508 De
1141 1445 1306 1530 edificatione
1327 1446 1415 1526 casbs
1428 1448 1650 1530 peregrinorum.

848 1649 989 1720 Templarii
1006 1667 1066 1704 sero
1079 1667 1137 1704 cum
1152 1651 1258 1704 domino
1269 1650 1395 1704 Gualtero
1406 1651 1439 1704 de
1451 1650 1560 1706 Avensa
1573 1652 1597 1706 bt
1614 1650 1700 1723 paucis
1718 1652 1838 1710 auailuu·
1852 1665 1996 1730 mentm,
2008 1667 2050 1727 111,

813 1731 880 1784 tibus
896 1727 1031 1800 peregrinis
1047 1732 1072 1784 lt
1088 1729 1203 1800 hospitali
1222 1731 1255 1783 de
1271 1731 1351 1783 domo
1368 1730 1582 1797 Teutonicomm,
1598 1731 1704 1784 calinum
1720 1731 1765 1799 lilii
1780 1732 1839 1800 Dei
1926 1741 1990 1789 ¹¹³¹·

813 1809 883 1880 quod
901 1808 961 1862 olim
977 1808 1137 1876 delirubium,
1154 1827 1221 1862 nunc
1238 1811 1344 1864 castrum
1363 1810 1551 1880 peregrinorum
1570 1810 1719 1880 appellatur,
1739 1810 1839 1866 firmare

813 1901 943 1960 ceperunt,
955 1889 1024 1958 quod
1038 1889 1112 1942 litum
1126 1889 1194 1943 elliu
1206 1889 1296 1944 diocefi
1307 1889 1441 1944 Cesarienti
1454 1890 1518 1944 iuter
1529 1889 1645 1960 caiphan
1657 1893 1681 1943 δι
1698 1891 1837 1946 Celerem

812 1968 893 2022 euim
905 1967 963 2022 litut
976 1967 1033 2020 talis
1045 1968 1090 2022 elis
1103 1969 1302 2039 promontorium
1317 1968 1428 2039 amplum
1443 1969 1558 2022 &iatum
1570 1969 1632 2022 mari
1644 1969 1766 2036 imminet,
1783 1987 1838 2022 tnu-

813 2047 896 2102 nituar
912 2046 1066 2112 nstrusllten
1081 2046 1186 2118 scopulis
1203 2048 1237 2099 ad
1253 2048 1410 2118 Aquilonem
1431 2049 1639 2104 &Occidentem
1660 2050 1685 2102 st
1705 2048 1838 2114 Andrum.

813 2126 896 2179 sulm
908 2125 1038 2180 Orientem
1051 2128 1125 2180 turris
1141 2126 1175 2180 eli
1187 2125 1258 2180 firma
1272 2129 1296 2180 bt
1310 2128 1405 2180 dudum
1418 2145 1434 2180 a
1452 2126 1588 2196 templariis
1605 2126 1723 2180 edificata
1739 2129 1764 2180 bt
1782 2127 1838 2197 pos·

814 2204 873 2258 selis
892 2216 944 2257 tam
961 2223 1051 2278 guerre
1069 2223 1147 2277 quam
1164 2219 1309 2276 treugarum
1325 2219 1446 2276 tempore.
1469 2206 1560 2260 Turris
1576 2219 1662 2258 autem
1680 2205 1773 2260 ibidem
1791 2205 1839 2260 suit

813 2279 892 2350 posita
904 2280 964 2334 olim
977 2295 1078 2353 propter
1091 2284 1252 2350 latmnculoe
1267 2284 1347 2354 quiin
1360 2285 1400 2340 sia
1412 2285 1493 2338 stridis
1501 2285 1637 2355 peregrinio
1647 2283 1838 2338 ascetidentibus

813 2359 839 2412 in
854 2359 1044 2414 Hierusalem&
1057 2360 1263 2416 descendentibus
1275 2364 1309 2416 ab
1321 2381 1351 2415 ea
1367 2362 1553 2428 insidiabantur,
1566 2363 1634 2416 baud
1649 2362 1736 2432 procul
1749 2361 1839 2416 amari

814 2438 915 2505 distant,
926 2457 975 2510 que
987 2453 1089 2512 propter
1101 2440 1167 2494 viam
1180 2441 1285 2496 lbibiam
1298 2441 1416 2496 dillriilio
1426 2443 1610 2512 appellabatur.
1623 2443 1697 2498 Toto
1709 2441 1760 2496 lere
1774 2453 1838 2495 tem·

814 2531 883 2583 pore,
896 2534 948 2586 quo
957 2511 1098 2572 Cesaricum
1111 2519 1217 2572 castrum
1230 2519 1360 2574 firmatum
1369 2520 1436 2574 est&
1450 2521 1661 2588 consummatum,
1670 2520 1792 2592 templarii
1807 2537 1839 2574 ea

813 2595 950 2650 transverso
963 2596 1127 2668 promontorij
1140 2599 1263 2654 fodientes
1277 2601 1301 2652 tr
1313 2599 1457 2653 laborantes
1470 2618 1514 2670 per
1532 2601 1572 2657 sex
1589 2599 1771 2666 hebdomadas,
1782 2611 1838 2654 tan·

813 2673 871 2725 dem
885 2673 917 2726 ad
935 2673 1125 2730 fundamentum
1138 2676 1246 2747 primum
1262 2691 1434 2750 pervenerunt,
1452 2679 1494 2732 ubi
1511 2697 1597 2734 murus
1614 2679 1734 2748 antiquus
1752 2676 1837 2750 spiffrts

812 2754 837 2805 st
850 2751 939 2824 longus
951 2754 1074 2826 apparuit.
1090 2758 1193 2810 Inventa
1207 2758 1242 2811 est
1254 2758 1330 2810 etiarn
1342 2757 1480 2830 pecuniain
1491 2772 1594 2812 moneta
1604 2756 1729 2812 modernis
1740 2755 1838 2828 ignota,

812 2829 905 2884 collata
917 2833 1040 2888 beneficio
1053 2834 1096 2904 filij
1111 2836 1159 2888 Dei
1174 2837 1291 2890 militibus
1309 2836 1356 2890 suis
1368 2837 1400 2890 ad
1413 2837 1558 2890 alienandos
1570 2839 1667 2890 labores
1680 2838 1704 2892 bt
1717 2835 1837 2908 sumptus.

812 2907 911 2962 Deinde
930 2910 956 2964 in
968 2911 1084 2966 anteriori
1103 2927 1173 2984 parte
1190 2931 1292 2968 arenam
1306 2915 1467 2986 deportantes
1484 2917 1508 2970 u
1527 2913 1660 2980 fodientes,
1674 2913 1736 2968 alim
1751 2931 1838 2970 murm

813 2987 911 3042 brevior
924 3003 1035 3060 repertus
1044 2991 1088 3060 eli,
1097 2995 1121 3046 bs
1131 2992 1195 3048 inter
1207 3011 1338 3048 murorum
1347 2993 1477 3064 planitiem
1487 2994 1569 3050 sontes
1578 3011 1643 3064 aque
1651 2992 1730 3046 dulo's
1743 2992 1837 3046 ibidem

811 3066 913 3136 largiter
925 3069 1088 3125 ebulliebant.
1105 3073 1232 3142 Lepidum
1246 3074 1358 3128 etiam&
1378 3074 1485 3130 cementi
1499 3073 1624 3130 Dominus
1636 3073 1736 3146 copiam
1755 3070 1839 3128 minis-

812 3148 896 3200 trarit.
920 3148 978 3202 Due
994 3161 1073 3203 turres
1095 3151 1242 3204 edificantur
1260 3164 1320 3205 ante
1340 3153 1447 3206 frontem
1464 3152 1535 3206 castri
1554 3152 1679 3222 lapidibus
1696 3151 1837 3221 quadris&

812 3225 902 3278 dolatis
911 3237 981 3280 tante
989 3230 1145 3298 quantitatis,
1159 3245 1186 3284 ut
1196 3231 1258 3301 lapis
1271 3249 1336 3284 unus
1345 3233 1409 3285 nixa
1419 3232 1518 3285 duobus
1528 3231 1626 3284 bubalis
1638 3231 1663 3283 in
1674 3248 1747 3283 curru
1757 3229 1840 3283 trahe·

812 3307 893 3358 batur.
907 3309 1022 3378 Utraque
1037 3309 1110 3363 turris
1122 3323 1240 3367 centenos
1252 3312 1331 3366 babet
1342 3313 1417 3381 pedes
1430 3313 1456 3366 in
1468 3311 1663 3381 longitudinem,
1674 3327 1708 3375 74
1716 3309 1741 3362 in
1754 3309 1840 3363 latitu-

811 3385 879 3452 dine,
890 3386 1018 3458 spiffitudo
1031 3390 1101 3442 binas
1113 3391 1256 3444 intercludit
1268 3391 1410 3454 testudines,
1428 3390 1537 3444 altitudo
1549 3389 1682 3460 plurimum
1702 3389 1839 3441 ascendens

811 3465 979 3521 celsitudinem
993 3470 1160 3540 promontorij
1182 3470 1371 3542 transgreditur,
1389 3471 1454 3522 inter
1470 3470 1533 3522 duas
1550 3482 1629 3522 turres
1648 3486 1735 3522 murus
1756 3485 1837 3522 novus

811 3545 914 3598 &altus
927 3563 984 3600 cum
997 3550 1192 3620 propugnaculis
1205 3549 1444 3614 consummamus,
1456 3551 1480 3602 bt
1491 3548 1554 3602 miro
1566 3547 1671 3602 artificio
1685 3548 1838 3615 intrinsecus,

811 3625 1005 3695 equitessrmati
1017 3647 1062 3698 per
1073 3629 1167 3700 gradus
1185 3629 1318 3682 ascendere
1334 3627 1435 3699 poffunt
1452 3631 1477 3682 st
1494 3629 1649 3682 descendere.
1669 3629 1733 3682 Item
1752 3644 1838 3679 murus

811 3703 873 3758 alius
885 3707 960 3776 paulo
978 3707 1069 3760 distans
1086 3725 1102 3759 a
1123 3707 1232 3761 turribus
1244 3707 1386 3761 extenditur
1403 3711 1436 3761 ab
1455 3726 1506 3761 uno
1522 3709 1598 3762 latere
1616 3706 1690 3760 maris
1712 3708 1746 3760 ad
1762 3705 1839 3772 aliud,

811 3799 917 3858 puteum
933 3787 1028 3841 babens
1044 3806 1110 3857 aque
1129 3787 1185 3842 vise
1206 3787 1335 3842 inclusum.
1354 3789 1560 3843 Promontorium
1581 3791 1615 3842 ab
1631 3800 1740 3860 unoque
1761 3787 1838 3841 latere

811 3885 883 3922 muro
895 3867 1004 3938 cingitur
1015 3868 1070 3922 alto
1090 3871 1194 3923 &novo
1213 3869 1338 3940 usquead
1357 3886 1438 3940 rupes.
1461 3869 1606 3922 Oratorium
1627 3887 1686 3922 cum
1703 3867 1838 3940 palatio&

810 3947 928 4002 domibus
948 3947 1060 4020 plurimis
1083 3949 1190 4002 calirum
1211 3950 1323 4003 includit.
1352 3950 1435 4002 Huius
1459 3949 1548 4018 edilicij
1571 3949 1651 4021 prima
1679 3948 1713 4002 eli
1735 3947 1838 4016 utilitas,

811 4028 881 4098 quod
897 4041 1035 4081 conventus
1052 4029 1241 4100 templariorum
1259 4030 1363 4083 edusius
1382 4030 1415 4082 de
1432 4029 1570 4099 peceatrice
1587 4031 1612 4081 δι
1633 4029 1701 4081 omni
1718 4028 1837 4100 spurcicia

810 4109 885 4178 plena
897 4107 999 4164 civitate
1013 4109 1119 4175 Achon,
1136 4110 1161 4162 in
1174 4109 1249 4162 huius
1262 4110 1332 4164 calisi
1345 4107 1449 4180 presidio
1461 4107 1581 4162 relidebat
1594 4108 1671 4178 usque
1687 4108 1720 4162 ad
1738 4123 1837 4180 repara·

810 4186 905 4241 tionem
924 4205 1052 4241 murorum
1072 4187 1237 4242 Hierusalem.
1259 4188 1428 4242 Territorium
1450 4187 1594 4240 munitionis
1612 4187 1728 4257 piscariis,
1748 4187 1839 4252 salinis,

811 4267 917 4338 pascuis,
931 4267 1007 4340 agria,
1021 4269 1046 4320 bt
1058 4268 1140 4321 herbis
1152 4267 1274 4333 abundat,
1287 4270 1311 4320 dt
1325 4267 1402 4321 vineis
1414 4285 1515 4338 quoque
1528 4267 1682 4337 plantatis&
1695 4267 1836 4337 plantandis

811 4346 888 4400 bortis
900 4349 924 4400 bt
938 4347 1054 4418 pomeriis
1066 4347 1221 4400 habitatores
1233 4347 1350 4400 delebiat.
1374 4349 1442 4400 Inter
1457 4347 1553 4400 Achon
1566 4347 1590 4399 br
1604 4346 1759 4400 Hierusalem
1769 4348 1837 4400 nulls

811 4425 844 4480 eli
856 4427 971 4492 munitio,
985 4444 1061 4498 quam
1075 4439 1177 4481 teneant
1192 4427 1315 4480 Saraceni.
1330 4428 1405 4481 Unde
1417 4427 1449 4480 de
1463 4427 1511 4479 lroc
1524 4427 1603 4480 callro
1620 4443 1687 4478 novo
1698 4427 1834 4496 plurimum

811 4506 1002 4560 damnifimntm
1013 4507 1167 4560 increduli&
1182 4520 1275 4560 temore
1287 4506 1372 4561 divino
1385 4507 1450 4576 ipsos
1463 4506 1567 4576 fugante
1576 4505 1631 4558 locs
1643 4504 1711 4558 culta
1725 4505 1836 4561 deserere

811 4598 945 4654 coguntur.
969 4589 1017 4640 Sex
1036 4587 1182 4640 milliaribus
1204 4586 1277 4640 diliat
1295 4604 1311 4638 a
1330 4597 1415 4638 monte
1438 4585 1556 4650 Thabor,
1580 4585 1645 4638 unde
1669 4585 1742 4638 huius
1764 4585 1835 4638 calbri

812 4663 961 4720 conlirobiio
973 4665 1022 4719 fise
1034 4665 1176 4720 constitutio
1188 4665 1253 4720 sorte
1265 4665 1311 4718 suit
1323 4665 1397 4720 causa
1409 4663 1582 4721 delimblionis
1599 4663 1744 4720 munitionis
1760 4663 1836 4730 illius,
