4362 6560
866 988 943 1077 162
1000 987 1243 1116 ‘seflimom‘o
1263 987 1305 1078 in
1330 987 1551 1081 Germania
1560 987 1740 1113 scripto.

952 1372 1027 1452 ¹⁰5·
1052 1353 1255 1428 cassinis
1278 1355 1626 1429 Hmsranancanns
1651 1368 1686 1439 (†
1699 1369 1786 1435 1240),

1150 1557 1187 1646 a)
1214 1551 1352 1646 Dialogi
1367 1552 1589 1622 miraculorum.

1127 1743 1188 1810 [Ed.
1202 1744 1317 1814 strange,
1331 1743 1433 1810 Colon,
1448 1749 1477 1795 18
1481 1763 1521 1812 51,
1534 1743 1607 1810 in·8.]

1362 1888 1381 1931 8

1309 2044 1344 2109 11,
1355 2059 1380 2096 o.
1395 2060 1418 2107 7.

850 2197 899 2260 De
921 2194 1087 2284 Godescolco
1105 2197 1251 2288 usurario,
1271 2198 1320 2280 qui
1334 2197 1548 2349 sedeni'gneum
1559 2197 1620 2284 sthi
1630 2198 1659 2260 in
1675 2197 1753 2281 penr's
1768 2213 1877 2284 prepa.

1272 2299 1370 2349 rotam
1384 2309 1417 2348 vr
1447 2300 1467 2350 t.

890 2450 1076 2516 Monachus:
1090 2449 1138 2514 Eo
1154 2465 1303 2534 tempore,
1321 2475 1384 2536 quo
1406 2451 1545 2538 magister
1563 2452 1715 2518 Iohannes
1738 2453 1877 2518 Xanten·
1890 2470 1909 2529 t,
1920 2487 1942 2532 p.
1952 2483 1994 2530 191

851 2537 887 2604 fis
902 2538 1095 2603 scholasticus
1112 2538 1143 2602 δι
1157 2540 1296 2624 magister
1319 2541 1466 2608 Olivems
1487 2540 1679 2606 scholasticus
1704 2541 1876 2607 Colonien-

849 2626 886 2691 sts
899 2650 1024 2691 crucem
1045 2645 1152 2691 contra
1170 2629 1351 2694 Sarracenos
1367 2630 1600 2714 predicavenmt
1620 2632 1652 2696 in
1670 2631 1781 2696 diocest
1794 2629 1875 2696 Tra·

849 2714 981 2795 iestenfi,
994 2716 1069 2780 ficut
1089 2717 1164 2780 mibi
1188 2717 1292 2781 retulit
1311 2718 1498 2802 supradictus
1523 2719 1706 2799 Bernardus,
1724 2720 1777 2803 qui
1802 2737 1875 2782 tunc

848 2806 996 2888 temporis
1010 2803 1129 2890 collega
1143 2806 1201 2869 fuit
1218 2806 1351 2869 eiusdem
1367 2807 1534 2872 Oliveri&
1558 2824 1741 2890 cooperator
1759 2809 1790 2870 in
1805 2829 1874 2891 pre-

849 2895 1013 2973 dicatione,
1027 2910 1092 2956 erat
1105 2894 1147 2956 ibi
1166 2895 1292 2978 quidam
1306 2895 1444 2975 misticus,
1458 2893 1479 2957 st
1495 2896 1572 2960 bene
1596 2898 1733 2976 memini,
1746 2898 1873 2960 nonune

848 2979 1067 3061 Godescalcus,
1082 3001 1174 3065 opere
1188 2983 1346 3047 usurarius.
1361 2982 1421 3047 Iste
1444 3005 1516 3047 cum
1537 2987 1655 3064 ceteris,
1675 3006 1738 3047 non
1762 3005 1800 3047 ex
1820 2985 1874 3046 de-

846 3069 982 3148 votione,
996 3083 1030 3131 ut
1053 3071 1156 3152 postea
1170 3072 1277 3153 patuit,
1291 3071 1340 3134 sed
1355 3093 1393 3136 ex
1414 3072 1674 3135 circumstantium
1698 3073 1874 3154 importuna

847 3157 1068 3238 admonitione,
1082 3180 1207 3221 crucem
1228 3158 1363 3242 suscepit.
1388 3159 1472 3226 Cum
1494 3159 1710 3243 dispensatores
1734 3183 1772 3223 ex
1787 3181 1874 3222 man·

847 3247 919 3309 dato
943 3242 1117 3331 Irmocentij
1152 3268 1231 3330 pape
1256 3247 1418 3330 pecuniam
1438 3249 1638 3313 redemtionis
1658 3248 1839 3332 colligerent
1857 3270 1875 3311 a

848 3333 977 3413 senibus,
992 3335 1223 3417 pauperibus&
1238 3334 1376 3416 infirmis,
1390 3337 1471 3399 idem
1493 3336 1643 3400 usurarius
1666 3337 1694 3399 se
1709 3357 1874 3418 pauperem

847 3423 1008 3501 mentiens,
1020 3423 1142 3485 cuidam
1154 3423 1348 3505 dispensatori
1363 3425 1444 3487 circa
1458 3423 1606 3487 summam
1621 3426 1757 3509 quinque
1778 3425 1875 3488 talen·

846 3527 947 3574 totum
972 3511 1067 3589 dedit,
1088 3511 1202 3595 talique
1223 3512 1296 3574 dolo
1319 3511 1504 3575 sacerdotem
1522 3513 1731 3576 circumvenit
1754 3512 1873 3576 Testati

845 3599 913 3662 sunt
933 3598 1036 3682 postea
1066 3600 1159 3662 vicini
1180 3601 1255 3679 eius,
1275 3600 1358 3683 quod
1380 3599 1492 3664 dedisse
1512 3599 1655 3683 potuiss'et
1674 3601 1874 3685 quadraginta

845 3709 972 3768 marcas,
986 3709 1043 3752 nec
1058 3703 1160 3752 nmen
1178 3687 1384 3754 exheredaffet
1405 3688 1518 3754 liberos
1534 3690 1613 3770 suos,
1629 3691 1713 3773 quod
1729 3689 1789 3773 ipse
1801 3710 1873 3773 pre-

846 3775 998 3840 tendebat.
1015 3774 1103 3840 Deus
1113 3791 1227 3856 autem,
1243 3777 1297 3860 qui
1312 3775 1375 3840 salli
1388 3799 1451 3841 non
1467 3779 1577 3860 potuit,
1591 3779 1657 3842 eius
1671 3775 1788 3841 fallacie
1805 3775 1873 3859 pos-

844 3878 892 3927 tea
915 3865 1089 3929 terribiliter
1116 3861 1273 3929 conclufir.
1296 3864 1426 3929 Sedebat
1445 3865 1534 3929 miser
1555 3867 1587 3928 in
1607 3867 1740 3932 tabernis
1766 3866 1872 3929 Deum

843 3973 1025 4037 provocans,
1039 3952 1161 4037 eiusque
1180 3953 1346 4036 peregrinis
1369 3952 1557 4035 exprobrans
1573 3953 1603 4014 in
1623 3954 1705 4015 hunc
1723 3955 1869 4016 modum:

844 4041 935 4106 «Vos
946 4041 1048 4105 stolidi
1060 4062 1144 4105 mare
1155 4037 1327 4119 tranfibitis,
1341 4039 1533 4104 substantiam
1544 4040 1674 4103 vestram
1684 4041 1871 4124 expendetis,

843 4130 1001 4214 vitamque
1015 4129 1143 4192 vestram
1158 4128 1262 4192 multis
1277 4128 1421 4212 periculis
1434 4131 1603 4211 exponetis.
1621 4126 1691 4214 Ego
1709 4151 1783 4192 vero
1798 4150 1869 4192 cum

843 4239 939 4280 uxore
954 4216 985 4280 δι
996 4217 1098 4282 liberis
1110 4218 1186 4282 meis
1201 4217 1285 4281 domi
1299 4217 1441 4296 residens,
1455 4233 1582 4301 propter
1596 4217 1732 4301 quinque
1743 4237 1870 4296 marcas,

844 4306 953 4390 quibus
970 4307 1084 4370 redemi
1099 4326 1224 4368 crucem
1235 4326 1346 4385 meam,
1366 4300 1496 4369 fimilem
1509 4305 1597 4370 vobis
1610 4304 1731 4368 habebo
1752 4326 1869 4370 mette-

843 4393 949 4458 dem.»
966 4393 1023 4458 Sed
1035 4393 1128 4458 iustus
1140 4391 1307 4473 Dominus,
1321 4408 1355 4456 ut
1366 4393 1466 4477 palam
1484 4393 1665 4473 ostenderet,
1677 4409 1826 4478 quantum
1839 4396 1868 4457 ei

843 4481 977 4564 placeret
997 4482 1128 4546 labor&
1148 4481 1277 4564 expense
1299 4483 1566 4565 peregrinantium,
1587 4481 1779 4564 &quantum
1803 4483 1868 4545 eius

842 4570 940 4635 oculis
955 4570 1127 4654 displiceret
1141 4570 1230 4633 dolus
1252 4591 1288 4633 ac
1302 4568 1488 4652 blasphemia
1503 4570 1698 4650 detrahentis,
1708 4571 1868 4634 bominem

842 4657 1043 4721 miserrimum
1062 4657 1186 4723 tradidit
1207 4657 1326 4739 Satane,
1347 4673 1381 4721 ut
1410 4657 1538 4723 disceret
1559 4680 1622 4722 non
1652 4657 1867 4741 blasphemare.

842 4746 946 4810 Nosse
958 4749 1089 4830 quadam
1104 4746 1278 4810 dormiente
1291 4768 1329 4810 eo
1340 4767 1412 4810 cum
1425 4767 1521 4809 uxore
1534 4745 1598 4829 suo,
1613 4748 1644 4810 in
1655 4747 1781 4830 proprio
1795 4767 1864 4811 mo-
