4336 6572
512 1038 575 1104 ro.
618 1001 848 1106 chronicon
881 1001 1138 1143 montense.
1297 1043 1348 1144 ¹9

330 1275 382 1337 lric
396 1273 556 1338 Druardus
569 1288 641 1336 cum
656 1275 777 1356 prefatis
789 1277 830 1355 iv,
853 1276 938 1340 ablue
952 1278 1089 1340 deserunt
1102 1277 1243 1359 nefarios,
1266 1277 1296 1343 dr
1310 1282 1347 1343 ad

332 1361 486 1427 Ordinem
501 1376 534 1423 ut
555 1359 691 1424 conversi
711 1361 739 1425 se
753 1363 950 1440 conversunt;
973 1365 1080 1428 vivunt
1096 1366 1128 1427 in
1145 1365 1276 1447 Ordine,
1297 1370 1350 1451 qui

331 1449 494 1512 inordinati
508 1449 687 1526 eadterant3
710 1449 810 1530 palam
825 1451 979 1531 incedunt,
1002 1454 1055 1534 qui
1076 1454 1106 1514 in
1121 1453 1253 1518 latibulis
1268 1457 1350 1537 prius

331 1535 525 1598 morabantur
532 1563 543 1612 3
567 1537 655 1599 bonis
680 1536 794 1600 astibus
818 1537 989 1618 inserviunt,
1013 1540 1067 1622 qui
1090 1539 1126 1602 ad
1153 1539 1298 1604 nefandos
1321 1539 1350 1602 se

331 1624 527 1687 extenderant
541 1624 634 1688 adius.
650 1625 774 1707 Nempe
788 1627 879 1689 docet
892 1645 955 1706 eos,
978 1627 1030 1710 qui
1045 1626 1151 1710 preest,
1174 1641 1236 1690 tam
1251 1629 1350 1711 predi-

330 1714 459 1775 cationis
486 1713 590 1791 verbo,
617 1732 708 1796 quam
735 1711 972 1776 conversationis
999 1713 1150 1796 exemplo.
1179 1711 1282 1776 Etiam
1310 1713 1350 1778 stc

331 1799 458 1881 Spiritus
472 1798 573 1862 Sancti
597 1801 691 1881 gratia
717 1801 748 1861 in
763 1801 824 1862 vita
844 1801 943 1863 extitit
964 1800 1125 1880 debriatus,
1150 1814 1186 1863 ut
1205 1799 1351 1863 meruerit

331 1907 438 1969 pacem
448 1887 527 1950 inter
538 1887 726 1968 Ysengrinos
735 1887 765 1950 dr
775 1885 801 1949 F
802 1887 971 1951 laventinos
980 1889 1029 1950 vel
1043 1887 1069 1950 F
1069 1889 1223 1971 lampedes
1236 1889 1267 1950 in
1282 1907 1350 1970 par-

332 1974 411 2036 tibus
424 1973 590 2036 Hollandie
604 1973 634 2036 dv
648 1973 799 2036 Zelandie
813 1973 843 2036 dr
856 1973 882 2036 F
883 1973 1009 2052 landrie,
1029 1996 1121 2058 quam
1134 1974 1237 2038 nullus
1250 1975 1351 2036 homi-

332 2081 405 2122 num
417 2075 596 2143 attemptare
609 2061 724 2145 quibat,
737 2061 796 2125 five
809 2081 872 2140 rex,
892 2062 950 2124 five
963 2083 1077 2139 comes,
1093 2077 1146 2124 aut
1159 2063 1244 2141 baro,
1257 2064 1351 2124 resor-

331 2169 422 2210 mare.
430 2148 479 2211 Sic
487 2164 588 2210 autern
597 2169 704 2231 guerra
711 2164 773 2211 erat
781 2151 858 2211 inter
868 2169 930 2228 eos,
941 2149 1023 2232 quod
1034 2165 1120 2232 pater
1130 2149 1228 2212 filium
1236 2149 1350 2212 habens

331 2237 466 2315 obvium,
489 2251 541 2298 aut
560 2234 640 2298 filius
664 2252 788 2318 patrem,
811 2257 884 2298 mox
905 2238 1076 2299 immaniter
1097 2238 1242 2300 sevientes
1255 2234 1351 2299 collifi

332 2324 441 2406 pariter
463 2322 537 2384 alter
557 2323 684 2385 alterum
698 2323 868 2386 suffocabat.
893 2322 988 2385 Erant
1009 2338 1110 2386 autem
1132 2323 1250 2387 nobiles
1263 2323 1352 2385 valde

332 2431 483 2493 unapars,
505 2410 609 2473 residui
630 2431 704 2473 vero
728 2408 801 2474 srcut
816 2410 900 2494 supra
922 2411 1039 2473 dicium
1062 2411 1113 2491 esi,
1138 2412 1176 2475 de
1199 2411 1351 2475 territorio

332 2496 474 2561 Fumeufi
497 2499 528 2560 in
543 2495 568 2560 F
570 2497 693 2578 landria,
716 2499 747 2560 in
770 2498 841 2560 loco
863 2513 915 2560 aut
928 2500 1045 2560 circum
1059 2501 1150 2578 circa,
1175 2499 1227 2582 qui
1242 2499 1352 2562 dicitur

332 2585 462 2668 Cayens,
480 2601 715 2648 commorantes.
739 2586 810 2648 Hoc
831 2605 957 2648 cernens
971 2585 1087 2649 sandius
1101 2601 1196 2669 pater,
1209 2586 1306 2649 fidens
1321 2587 1352 2648 in

332 2672 482 2752 Domino,
494 2674 545 2735 eui
555 2672 701 2755 poffibilia
711 2671 778 2736 sunt
788 2672 932 2752 universa,
946 2673 1014 2736 illos
1025 2674 1198 2756 aggreditur
1209 2674 1240 2735 in
1252 2673 1352 2735 verbis

331 2758 480 2840 dulcibus,
500 2760 622 2824 dicens:
646 2781 708 2823 non
729 2759 788 2822 effe
802 2759 971 2839 honestum,
994 2763 1087 2822 etiam
1108 2760 1187 2842 apud
1202 2760 1353 2839 homines,

331 2845 506 2929 sanguinem
514 2848 554 2910 stc
564 2847 690 2910 sundere
702 2849 953 2930 propinquorum,
967 2847 1040 2929 quid
1052 2865 1126 2929 ergo
1136 2847 1216 2929 apud
1230 2843 1353 2923 Deum;

328 2937 376 3001 sed
391 2933 450 2997 effe
463 2935 573 2997 iustum
598 2935 713 2997 bellum
727 2934 757 2997 δι
771 2935 958 3017 acceptabile
980 2933 1053 2997 Deo
1067 2933 1255 3013 sacrificium,
1278 2932 1351 2995 stad

328 3022 470 3084 inimicos
484 3021 596 3086 Christi
617 3021 645 3084 st
659 3036 840 3084 convertant
861 3041 916 3102 pro
930 3019 1140 3103 consequenda
1155 3021 1245 3083 venia
1258 3019 1353 3082 delic-

328 3125 439 3171 torum
464 3108 628 3191 Expromit
648 3129 751 3170 coram
765 3109 808 3170 eis
823 3108 956 3189 paetum,
979 3109 1062 3190 quod
1077 3108 1205 3170 cumeis
1220 3108 1277 3170 erit
1290 3108 1352 3170 dux

328 3197 453 3276 itineris,
467 3196 497 3259 dr
510 3197 550 3259 stc
564 3217 622 3279 pax
636 3198 715 3259 inter
728 3207 782 3258 eos
796 3195 985 3258 resumatur.
1011 3193 1113 3257 Placet
1132 3191 1256 3277 singulis
1268 3197 1357 3276 quod

328 3283 445 3346 didium
458 3284 510 3362 eil,
534 3283 565 3346 da
578 3281 680 3346 osculo
702 3283 785 3345 sablo
798 3283 876 3345 inter
889 3281 1043 3363 capitales,
1067 3284 1237 3364 preparatis
1250 3282 1351 3344 neces-

327 3370 408 3434 sariis
421 3371 502 3433 viam
516 3370 741 3433 transmarinam
756 3389 828 3432 cum
841 3369 898 3431 suis
914 3369 1018 3450 arripit
1034 3381 1140 3431 tantus
1150 3383 1242 3449 pater.

368 3458 460 3522 Unde
468 3459 594 3522 veniens
603 3465 675 3519 cum
686 3457 738 3519 suo
748 3456 896 3519 comitatu
907 3455 945 3517 ad
956 3454 1126 3518 infidelium
1135 3453 1210 3518 sines
1221 3472 1352 3520 armatus

327 3546 362 3607 in
373 3545 468 3607 lorica
482 3545 512 3608 dr
525 3545 620 3628 galea,
635 3544 758 3626 desuper
771 3555 856 3605 arma
869 3545 1027 3624 caputium
1042 3543 1217 3604 ordinatum
1227 3542 1353 3624 babens,

327 3632 494 3694 incedebat.
524 3629 653 3694 Pontem
678 3631 830 3712 quendam
859 3629 956 3691 cernit
983 3648 1001 3689 a
1025 3628 1162 3690 nefandis
1183 3627 1352 3692 obsessum:

328 3739 401 3780 mox
422 3718 474 3780 suo
488 3718 587 3801 primo
608 3718 734 3779 introitu
751 3717 847 3799 pergit
861 3716 1004 3778 audacter
1025 3717 1062 3777 ad
1078 3729 1215 3796 pontem,
1238 3715 1286 3778 sed
1310 3715 1351 3780 sti

328 3808 408 3868 viam
430 3807 524 3888 patris
543 3825 607 3867 non
630 3803 804 3887 sequuntur,
829 3805 924 3866 territi
948 3806 1059 3868 timore
1082 3805 1199 3882 mortis,
1224 3805 1296 3888 quia
1319 3804 1351 3865 in

326 3915 457 3956 numero
475 3894 572 3955 nimio
593 3892 750 3974 exsuperat
762 3911 816 3954 eos
830 3892 961 3955 hostium
976 3891 1150 3954 multitudo.
1175 3891 1351 3954 Revertitur

327 3983 364 4044 ad
373 3981 453 4057 suos3
464 3981 586 4042 territos
594 3979 707 4040 animat
717 3979 754 4040 ad
763 3977 896 4061 palmam
900 4007 910 4056 3
922 3999 1069 4042 coronam
1077 3979 1351 4041 immarceffibilem

325 4068 510 4150 repromittit
523 4066 642 4129 dicens:
662 4090 675 4123 r
691 4065 788 4151 Quod
804 4087 867 4128 non
882 4066 913 4128 in
929 4067 1032 4129 multis
1047 4066 1095 4128 vel
1110 4069 1214 4149 paucis
1228 4065 1272 4128 eli
1286 4067 1350 4128 for-

329 4183 342 4216 ι
357 4157 455 4218 titudo
467 4152 548 4232 belli,
557 4153 605 4215 sed
616 4154 648 4215 in
658 4153 772 4215 virtute
783 4151 846 4215 Dei
858 4153 994 4236 desuper.
1005 4154 1230 4236 Aggrediamur
1240 4153 1351 4232 hostes,

329 4269 342 4302 ι
357 4240 520 4303 moriamur
530 4238 656 4321 pariter3
670 4237 785 4300 bellum
796 4239 910 4301 etenim
923 4239 1053 4302 Domini
1065 4240 1121 4302 est:
1138 4239 1262 4322 pastoris
1273 4239 1352 4302 inter

329 4349 412 4392 ‹vos
431 4348 505 4410 gero
519 4325 669 4402 officium3
695 4326 828 4387 animam
853 4347 953 4389 meam
978 4349 1035 4408 pro
1062 4328 1220 4390 animabus
1248 4327 1351 4390 vestris

330 4437 475 4498 ‹pono›
491 4414 637 4476 Attamen
661 4429 768 4474 eorum
787 4413 881 4475 corda
899 4427 1068 4496 numquam
1088 4434 1143 4496 pro
1161 4414 1261 4476 verbis
1284 4413 1352 4475 dul-

328 4504 453 4580 cedinis,
471 4517 505 4563 ut
518 4501 673 4579 deberent,
690 4516 948 4582 compunguntur,
962 4500 1010 4562 sed
1032 4500 1120 4563 Pater
1139 4501 1233 4564 sciens
1247 4502 1352 4563 omnia

330 4590 387 4655 else
398 4588 543 4673 poffibilia
557 4587 701 4666 credenti,
716 4589 839 4650 tandem
849 4589 1038 4650 convertitur
1047 4587 1084 4655 ad
1096 4586 1266 4666 conversos,
1274 4609 1352 4670 quos

329 4677 431 4742 secum
451 4676 625 4737 deduxerat.
649 4675 751 4738 Vocat
772 4673 952 4738 Druardum
977 4697 1048 4737 cum
1068 4673 1126 4738 suis
1145 4671 1292 4738 consociis
1314 4677 1350 4738 ad

332 4763 621 4854 proficiscendumin
629 4764 758 4848 prelium
767 4779 873 4826 contra
884 4761 1010 4828 astantes
1021 4763 1172 4844 inimicos,
1182 4760 1350 4847 profereus:
