4362 6560
346 985 351 998 Ι
500 971 502 976 Ι
567 1039 1206 1170 77.ll10nzoanntipratenfis.
1320 1069 1398 1164 125

382 1299 467 1365 fieret
481 1301 512 1364 in
534 1315 646 1364 terram
665 1302 807 1383 sannam,
828 1303 978 1388 planeque
1004 1326 1058 1386 per
1077 1305 1194 1366 viarum
1216 1303 1402 1367 demonstra·

383 1390 499 1451 tionem
521 1390 639 1454 cunetis
659 1391 838 1471 ostenderet,
863 1394 945 1474 quod
972 1413 1166 1475 nequaquam
1190 1392 1331 1470 mendax,
1355 1392 1403 1456 sed

382 1496 472 1539 verus
488 1475 548 1540 Dei
563 1481 703 1558 nuncius,
717 1480 768 1562 qui
783 1501 854 1541 euin
869 1479 1002 1560 duxerat,
1016 1476 1166 1542 extitisset.
1182 1478 1243 1543 Hic
1266 1479 1311 1541 vir
1332 1481 1404 1543 bea-

383 1563 517 1644 tiffimus,
532 1565 690 1650 postquam
702 1567 836 1631 reversus
850 1567 901 1647 est,
914 1584 947 1630 ut
961 1569 1048 1647 vidit,
1066 1568 1138 1650 quia
1157 1568 1187 1629 iii
1211 1567 1330 1629 honore
1350 1568 1404 1630 ha·

383 1652 448 1715 beri
472 1655 555 1737 cepit
578 1655 656 1737 apud
679 1655 894 1736 convicaneos,
917 1657 1007 1719 dulce
1040 1655 1137 1718 solum
1167 1656 1274 1719 natalis
1310 1656 1404 1739 patrie

384 1741 554 1844 dereliquit,
568 1741 598 1805 dt
612 1742 704 1826 usque
719 1745 751 1807 in
764 1741 856 1806 finem
875 1747 936 1808 vite
961 1746 991 1807 in
1015 1744 1121 1808 alienis
1145 1744 1280 1827 partibus
1305 1743 1405 1808 sanese

383 1845 469 1894 vixit.

753 2010 811 2064 Lib.
826 2012 860 2078 11,
874 2028 897 2065 c.
912 2027 956 2078 43,
968 2025 997 2064 n⁰
1012 2029 1037 2078 5.

438 2144 602 2229 Exemplum
611 2147 701 2229 primi
712 2147 785 2210 modi
795 2148 825 2209 in
839 2146 966 2208 Henrico
979 2146 1012 2208 de
1026 2144 1149 2225 Colonia,
1162 2146 1356 2230 quifariirum

654 2236 782 2318 cognovit
794 2235 914 2298 ordinm
925 2232 1143 2317 predicatorum.

295 2441 373 2493 niti
426 2405 538 2490 Spiritu
552 2405 705 2471 revelante
720 2409 851 2491 prefatus
865 2409 953 2471 frater
974 2408 1126 2471 Henricus
1140 2408 1178 2471 de
1201 2408 1345 2487 Colonia,
1358 2429 1409 2470 or·

387 2494 466 2557 dinis
486 2492 723 2575 Predicatorum,
746 2512 908 2579 antequam
934 2496 994 2578 ipse
1021 2497 1095 2559 ordo
1120 2497 1279 2560 inchoatus
1304 2493 1410 2574 fiiiffet,

388 2579 462 2646 sicut
476 2583 641 2666 peripsum
655 2585 828 2664 didicimus,
841 2585 975 2646 futurum
985 2605 1056 2647 euin
1071 2586 1279 2668 precognovit.
1294 2583 1412 2646 Habuit

387 2686 531 2753 patruum
543 2669 684 2751 militem,
698 2671 833 2734 sedulum
849 2673 879 2735 in
893 2671 977 2735 cultu
994 2671 1055 2735 Dei
1071 2675 1102 2734 in
1117 2672 1252 2754 partibus
1266 2671 1411 2733 Theuto·

388 2760 449 2836 nie,
462 2757 557 2840 opido
578 2762 690 2822 montis
710 2759 830 2823 Martis.
856 2760 918 2822 Hic
939 2760 1055 2822 dietum
1076 2760 1247 2822 Henricum
1269 2761 1412 2822 iuvenem
1456 2803 1460 2813 .

389 2847 524 2929 sagacem
555 2847 671 2926 videns,
695 2863 774 2911 etate
789 2846 937 2926 adultum,
951 2849 1128 2931 optimeque
1154 2849 1184 2909 iii
1206 2847 1411 2930 grammaticis

389 2933 568 3013 institutum,
583 2934 659 2998 misit
675 2933 809 3014 Parisios,
824 2953 857 2998 ut
871 2935 1061 2999 dialecticam
1076 2938 1194 2999 &artes
1209 2951 1323 2998 ceteras
1337 2931 1412 2996 alse-

390 3037 541 3105 queretur.
557 3021 655 3109 Quod
673 3040 704 3085 ut
718 3024 832 3086 sadlum
847 3022 898 3102 est,
914 3040 1037 3106 patruus
1062 3026 1127 3089 eius
1142 3025 1302 3086 desundlus
1317 3022 1413 3101 eit&

391 3109 588 3174 intermissum
603 3109 645 3172 est
659 3113 723 3173 eius
736 3111 869 3172 studium
883 3113 969 3174 annis
985 3112 1088 3191 tribus,
1103 3112 1213 3194 quibus
1229 3113 1258 3173 iii
1273 3109 1412 3192 predidlo

389 3197 1413 3368 stiffisssi‘stlsilsssstssss:²¹'32s‘sttss‘0s3

391 3374 520 3453 crucior,
544 3372 854 3458 Hierosolymitanam
882 3311 1024 3455 cruceni?
1034 3397 1093 3459 que
1117 3311 1172 3456 ἓοῑ
1201 3310 1413 3437 Tlleutoniam

392 3463 574 3547 predicatur,
588 3462 618 3524 δι
632 3462 832 3526 transsretabis
847 3485 854 3526 :
870 3463 899 3526 δι
914 3465 1021 3526 exaslo
1044 3465 1157 3526 ibidem
1182 3481 1329 3545 tempore,
1343 3482 1414 3524 cuin

393 3552 529 3631 redieris,
552 3573 659 3636 perges
676 3551 811 3632 Parisios,
829 3552 1022 3635 inveniesque
1051 3571 1164 3613 novum
1189 3549 1414 3613 Predicatorum

392 3640 543 3719 ordinem,
557 3661 650 3723 quein
665 3642 800 3705 intrabis.
826 3640 1038 3724 Paupertatem
1060 3661 1167 3702 eorum
1190 3661 1251 3700 non
1275 3638 1414 3718 verearis,

393 3726 499 3790 &non
515 3728 661 3810 despicias
677 3731 882 3811 paucitatem:
898 3730 1044 3811 quoniam
1060 3729 1090 3789 in
1105 3727 1230 3790 salutem
1246 3726 1414 3789 multorum

393 3815 557 3878 feliciffime
571 3817 784 3880 coalescent&
799 3816 1019 3880 convalescent
1040 3841 1051 3872 2
1074 3817 1124 3878 Ad
1141 3816 1197 3877 hec
1212 3815 1303 3877 verba
1317 3815 1414 3881 dislus

393 3903 521 3968 clericus
542 3903 736 3987 stupefadius,
749 3905 809 3968 sine
833 3905 895 3967 ulla
919 3904 1093 3967 turbulenta
1113 3903 1317 3982 cundatione,
1331 3905 1414 3986 quod

394 3991 486 4056 iustus
501 4008 575 4072 erat,
596 3995 778 4076 aggreditur.
794 3993 836 4056 Et
849 3993 926 4056 sadia
940 3993 1193 4075 peregrinatione,
1214 3991 1264 4053 ubi
1283 3991 1416 4054 rediit&

394 4081 478 4143 venit
492 4078 629 4160 Parisios,
643 4083 760 4144 invenit
774 4082 913 4144 ordinem
924 4079 1151 4143 Predicatorum
1165 4080 1285 4141 noviter
1299 4079 1330 4141 in
1346 4101 1415 4162 par·
1452 4074 1461 4084 ’

395 4168 475 4231 tibus
487 4166 697 4252 Albigensium
712 4170 899 4248 inchoatum,
913 4169 1101 4250 domumque
1116 4168 1176 4229 iarn
1190 4168 1343 4249 inceptam
1361 4166 1417 4231 Pa·

395 4251 479 4334 risiis,
499 4254 529 4317 dt
544 4254 604 4318 sine
618 4253 795 4319 hesitatione
811 4255 921 4338 aliqua,
935 4275 1030 4338 parvo
1045 4253 1112 4336 post
1126 4269 1263 4336 tempore
1277 4255 1419 4316 ordinem

396 4343 439 4406 ess
452 4343 606 4428 ingressus.
627 4346 691 4409 Ubi
710 4367 781 4409 cuni
795 4348 881 4409 annis
905 4345 1042 4428 pluribus
1062 4345 1250 4406 devotissime
1274 4339 1419 4425 profecis-

397 4432 449 4512 set,
463 4437 569 4500 iterato
584 4434 628 4498 illi
644 4436 781 4517 apparuit
797 4450 931 4517 patruus,
953 4435 1071 4496 dicens:
1089 4459 1100 4488 i
1120 4433 1150 4494 A
1166 4453 1254 4514 pena,
1275 4452 1335 4514 qua
1348 4450 1419 4493 cru·

303 4545 383 4609 v·418
396 4525 509 4605 ciabar,
524 4540 553 4586 te
565 4525 697 4602 iuvante,
711 4522 908 4586 solutus'sum.
918 4522 974 4584 Tu
987 4538 1088 4585 autem
1100 4543 1138 4582 ne
1150 4519 1300 4582 cundleris
1311 4520 1420 4580 iteruin

398 4611 521 4676 transire
541 4633 635 4692 mare,
655 4609 675 4673 si
699 4627 728 4675 te
747 4611 876 4674 seniores
899 4611 941 4673 tui
954 4607 1217 4672 transmittendum
1231 4606 1418 4690 elegerint.»

398 4700 440 4765 Et
452 4702 514 4764 hoc
528 4702 652 4785 quidem
666 4720 737 4762 cuin
752 4698 851 4762 dietus
865 4698 954 4762 srater
968 4698 1118 4760 Henricus
1132 4695 1264 4759 celatum
1287 4694 1423 4770 haberet,

397 4811 415 4852 a
428 4789 570 4874 magistro
584 4788 701 4852 ordinis
715 4787 745 4851 δι
764 4786 974 4851 diffinitoribus
988 4807 1024 4848 ac
1047 4784 1283 4869 provincialibus
1297 4784 1422 4845 fratrum
