4336 6572
630 920 701 1034 64.
741 918 982 1014 Guillelmus
1004 923 1130 1013 Brito.
1328 955 1389 1046 79

363 1185 483 1269 gallice,
507 1184 536 1247 ἃ
562 1184 675 1247 multos
700 1205 791 1247 cruce
818 1183 972 1267 signabant
998 1185 1210 1266 indifferenter,
1236 1193 1390 1274 parvulos,

364 1275 457 1354 senes,
485 1272 638 1352 mulieres,
662 1272 798 1348 claudos,
821 1293 920 1351 cecos,
951 1272 1064 1352 surdos,
1092 1272 1237 1356 leprosos:
1264 1296 1389 1362 propter
1515 1337 1519 1343 .

363 1361 550 1448 quod-multi
572 1359 680 1424 divites
702 1381 825 1423 crucem
847 1359 954 1422 tollere
970 1361 1179 1441 abhorrebant,
1194 1366 1265 1446 quia
1287 1368 1388 1431 huius-

363 1452 446 1514 modi
458 1447 594 1515 consusro
607 1449 832 1534 presumebatur
843 1450 944 1532 potius
955 1449 1102 1532 impedire
1113 1453 1271 1534 negotium
1279 1459 1389 1538 crucis,

362 1560 455 1622 quam
470 1535 551 1620 posse
566 1537 738 1601 succurrere
754 1537 852 1600 sandle
866 1535 977 1598 Terre.
1002 1536 1059 1599 Sed
1081 1539 1111 1599 in
1134 1539 1388 1619 predicationibus

362 1626 430 1706 suis,
443 1627 553 1711 quibus
568 1626 749 1689 videbantur
763 1625 841 1687 velle
864 1625 981 1706 placere
1007 1625 1134 1707 populo,
1155 1625 1312 1710 plusquam
1333 1652 1388 1693 ne·

362 1713 438 1777 cesse
452 1712 524 1777 esset
538 1713 732 1776 diffamabant
746 1712 872 1790 clerum,
883 1714 983 1795 turpia
994 1713 1129 1776 dicentes
1141 1713 1388 1800 &confingentes

361 1823 465 1866 coram
480 1801 596 1885 populo
612 1804 650 1864 de
666 1804 729 1864 vita
741 1823 860 1880 eorum,
878 1800 907 1863 ἃ
922 1802 962 1863 ita
974 1801 1051 1863 inter
1062 1801 1177 1864 clerum
1194 1803 1224 1867 δι
1240 1806 1388 1886 populum

362 1891 520 1966 materiam
534 1888 709 1952 scandali&
729 1888 892 1952 schismatis
913 1888 1113 1953 seminabant:
1136 1907 1260 1974 propter
1280 1893 1389 1974 que&

362 1993 486 2060 propter
504 1976 634 2059 quedam
656 1976 715 2038 alia
736 1977 910 2058 gravamina
932 1992 993 2038 tarn
1014 1998 1066 2040 rex
1087 1999 1178 2060 quam
1201 1977 1300 2042 clerus
1322 1977 1389 2038 uni-

360 2065 471 2144 versus,
493 2079 601 2127 contra
625 2065 721 2146 ipsum
746 2064 889 2147 legatum,
910 2064 1010 2126 sedem
1034 2065 1230 2148 apostolicam
1254 2063 1388 2148 appella-

361 2169 475 2216 verant.
491 2152 602 2217 Potens
617 2152 660 2215 est
674 2169 775 2214 tamen
792 2152 948 2215 Dominus
963 2153 1020 2214 hec
1035 2155 1138 2215 omnia
1158 2174 1212 2236 pro
1231 2153 1388 2216 voluntate

360 2240 410 2303 sua
424 2240 576 2320 sedata&
589 2241 724 2304 Terram
737 2239 868 2303 sandlam
878 2242 916 2302 de
928 2241 1067 2304 manibus
1083 2243 1278 2305 inimicorum
1288 2241 1387 2304 crucis

360 2350 414 2410 per
429 2329 546 2392 infirma
570 2331 687 2408 mundi,
702 2327 722 2390 st
736 2328 878 2407 voluerit,
901 2328 1027 2392 liberare
1043 2354 1056 2386 c
1075 2332 1127 2413 qui
1142 2328 1293 2412 potens&
1308 2327 1388 2393 filios

358 2411 449 2480 Israel
463 2418 501 2480 de
516 2418 666 2501 lapidibus
680 2417 842 2480 suscitare»
859 2416 958 2496 (Luc,
971 2436 1017 2496 111,
1031 2418 1071 2498 8).

266 2530 346 2581 pm
401 2505 493 2568 Anno
518 2505 556 2567 ab
579 2505 785 2568 incarnatione
809 2504 941 2567 Domini
964 2501 1189 2583 MCCXVIII,
1210 2504 1285 2567 obiit
1311 2504 1387 2569 Odo
1403 2508 1462 2555 ¹²¹8

359 2591 470 2656 nobilis
484 2595 546 2655 dux
561 2593 738 2676 Burgundio
751 2589 983 2676 crucesignatus,
998 2594 1049 2676 qui
1064 2593 1191 2655 condito
1210 2593 1387 2656 testamento

359 2681 520 2763 pecuniam
535 2681 732 2744 sufficientem
747 2680 902 2744 &milites
917 2681 1042 2744 &viros
1057 2697 1189 2744 armatos
1201 2680 1278 2744 misit
1293 2680 1387 2763 prose

358 2767 390 2830 in
404 2767 582 2851 obsequium
601 2769 700 2832 sansle
720 2769 830 2832 Crucis
845 2771 881 2830 ad
896 2768 1131 2832 succurrendum
1153 2769 1252 2832 sanate
1274 2770 1386 2837 Terre.

397 2854 518 2919 Eodem
534 2878 624 2936 anno,
638 2859 669 2919 in
684 2856 757 2919 sesso
772 2856 851 2919 beati
866 2853 999 2935 Ioannis,
1013 2855 1118 2920 Petrus
1131 2855 1295 2921 Parisrensts
1311 2857 1492 2940 epis-1¹¹⁰·24

357 2965 464 3026 copus,
478 2944 508 3008 &
524 2945 670 3010 Galterus
684 2945 875 3023 camerarius,
894 2944 1035 3008 Herveus
1053 2967 1158 3008 comes
1182 2945 1337 3030 Nivernij,
1356 2945 1386 3008 br

358 3033 446 3097 multi
475 3032 525 3116 alij
555 3034 626 3096 boni
659 3032 780 3111 milites,
807 3033 837 3097 δι
865 3031 994 3095 aliorum
1022 3032 1182 3095 hominum
1210 3034 1386 3114 multitudo,

357 3121 415 3183 iter
438 3120 627 3204 arripuerunt
647 3121 747 3196 smsle
771 3121 1022 3205 peregrinationis
1041 3123 1073 3182 in
1088 3121 1264 3205 obsequium
1285 3122 1385 3186 sanae

357 3208 476 3274 Crucis.

398 3296 520 3360 Eodem
542 3317 633 3375 anno,
655 3297 686 3358 in
710 3313 869 3375 autumno,
891 3296 1065 3359 universitas
1084 3295 1312 3360 christianorum
1332 3300 1385 3382 qui

357 3401 443 3448 erant
465 3386 496 3448 in
518 3385 621 3447 Terra
642 3384 742 3447 sansla
765 3385 880 3447 obsedit
901 3386 1055 3448 civitatem
1079 3383 1297 3448 samosrffimam
1319 3385 1386 3449 Da-

357 3473 486 3558 mietam
497 3473 527 3535 in
541 3471 678 3535 confinio
692 3471 804 3556 Egypti
820 3472 906 3555 super
920 3473 1030 3535 Nilum
1044 3471 1137 3552 sitam,
1150 3495 1210 3556 que
1225 3472 1385 3556 Memphis

358 3562 525 3644 antiquitus
540 3560 706 3638 dicebatur,
720 3559 750 3622 dr
765 3575 1017 3643 oppugnaverunt
1035 3559 1118 3622 illam
1134 3581 1187 3642 per
1203 3583 1327 3624 annum.
1348 3559 1384 3624 In

358 3647 418 3711 fine
432 3649 504 3712 anni
519 3650 655 3711 exierunt
670 3651 708 3711 de
722 3649 857 3711 exercitu
871 3649 1102 3714 christianorum
1120 3649 1245 3732 quidam
1264 3650 1386 3714 circiter

358 3738 466 3800 decem
480 3735 585 3815 millia,
599 3736 629 3799 dr
644 3752 855 3820 pugnaverunt
873 3753 982 3800 contra
1002 3736 1183 3801 Sarracenos
1204 3739 1256 3821 qui
1275 3760 1384 3802 eorum

356 3825 449 3888 castra
470 3824 658 3902 obsederant,
680 3823 710 3886 dr
732 3824 806 3887 vieti
827 3824 950 3888 suntab
972 3822 1050 3907 ipsrs.
1073 3821 1192 3888 Ibidem
1213 3841 1319 3909 captus
1342 3827 1385 3892 est

358 3911 505 3978 Galterus
519 3910 770 3974 cambellanus&
792 3910 875 3975 Milo
895 3910 1011 3975 eleuus
1030 3908 1229 3990 Belvacenfis,
1247 3911 1277 3974 br
1295 3912 1384 3977 multi

358 3999 408 4062 ali’
425 3999 586 4062 christiani.

395 4021 517 4150 JEodem
532 4108 623 4166 anno,
638 4086 667 4148 in
682 4086 802 4170 hyeme,
815 4087 956 4149 Herveus
971 4086 1009 4149 de
1023 4086 1141 4167 Leone,
1154 4087 1201 4149 vir
1217 4088 1295 4150 inter
1314 4085 1383 4148 Bri·

357 4191 445 4239 tones
459 4176 550 4238 armis
564 4175 594 4239 δι
608 4174 721 4239 divitiis
745 4191 864 4258 potens,
884 4197 956 4238 curn
976 4172 1048 4238 esset
1069 4177 1100 4239 in
1121 4176 1266 4259 obsequio
1285 4174 1384 4239 sandie

356 4263 466 4329 Crucis
480 4265 559 4346 apud
576 4265 730 4343 Acharon,
744 4280 868 4326 mortuo
886 4263 1001 4326 ibidem
1027 4263 1181 4329 Morvano
1202 4265 1385 4328 vicecomite

357 4349 383 4413 F
384 4352 443 4435 agi,
452 4351 564 4415 sororio
576 4352 651 4432 eius,
658 4352 826 4435 cupiditate
839 4367 914 4415 terre
925 4349 1059 4415 eiusdem
1075 4354 1254 4435 occupande
1265 4351 1384 4431 dusius,

355 4457 464 4503 contra
489 4439 614 4504 salutem
638 4439 720 4503 suam
741 4440 770 4503 ἃ
792 4440 1031 4524 prohibitionem
1051 4441 1217 4523 patriarche
1238 4439 1384 4503 Hieroso-

356 4525 495 4610 lymitani
523 4527 553 4590 dr
579 4529 811 4592 christianorum
836 4530 888 4611 qui
919 4527 1034 4590 ibidem
1060 4546 1156 4608 erant,
1190 4530 1247 4592 iter
1273 4528 1383 4591 iterum

357 4615 483 4698 arripuit
497 4617 527 4678 in
542 4618 670 4698 patriam
684 4617 831 4680 redeundi
845 4639 853 4680 :
874 4617 961 4679 cuius
975 4616 1132 4680 occasione
1146 4615 1234 4680 multi
1255 4615 1303 4699 alij
1329 4617 1381 4699 qui
