4336 6572
509 979 584 1071 ῃ.
612 948 845 1040 Vincentius
866 947 1178 1079 Bellovccenfir.
1297 986 1357 1078 99

333 1213 393 1284 quid
418 1213 537 1277 iacerent,
550 1209 708 1264 secesserunt.
726 1211 824 1265 Nobilis
844 1229 905 1265 vero
921 1212 973 1264 drot
990 1212 1094 1266 Austrie
1112 1213 1169 1266 huic
1181 1213 1353 1271 deliberationi
1370 1231 1430 1281 rary

332 1310 382 1345 non
396 1291 516 1354 interfluit,
529 1290 588 1360 quia
600 1309 631 1343 ex
643 1291 719 1344 altera
739 1305 810 1362 parte
823 1291 914 1344 montis
934 1291 1077 1345 incredulos
1094 1291 1260 1363 impugnabat
1278 1298 1302 1348 st
1322 1298 1355 1351 ad

332 1387 388 1436 noa,
399 1369 442 1441 qui
458 1369 484 1422 in
502 1369 644 1423 summitate
662 1369 753 1422 montis
773 1387 880 1436 emmus,
893 1371 1025 1424 ascendere
1042 1371 1074 1424 de
1092 1371 1158 1424 facili
1175 1390 1225 1425 non
1247 1373 1355 1443 valebat,

331 1466 378 1502 nec
390 1449 505 1519 magister
518 1446 614 1517 templi,
628 1447 670 1517 qui
687 1447 798 1500 infirmus
811 1448 926 1501 remansit
939 1450 964 1500 in
977 1449 1082 1502 Arbon.
1099 1450 1166 1502 Cum
1185 1467 1245 1504 vero
1258 1452 1282 1504 in
1295 1452 1355 1506 deli-

332 1529 460 1582 beratione
471 1526 582 1598 predidla
595 1527 686 1579 morari
697 1546 730 1580 an
745 1529 859 1581 recedere
878 1528 1004 1598 expediret
1018 1545 1063 1599 per
1076 1527 1188 1583 ordinem
1201 1543 1354 1600 quereretur,

331 1607 392 1661 dixit
405 1607 481 1661 l'rater
493 1607 621 1676 Georgius
630 1606 662 1660 de
674 1608 767 1659 Monte
778 1608 985 1676 acuto‚magister
997 1607 1131 1676 hospitalia,
1140 1609 1209 1678 quod
1223 1611 1354 1664 videbatur

331 1687 354 1741 ei
369 1689 473 1752 bonnm,
485 1701 608 1758 quatenus
622 1704 678 1756 pars
694 1687 815 1740 exercitus
830 1689 863 1739 ad
877 1687 953 1740 castra
968 1687 1131 1740 custodienda
1149 1688 1318 1756 descenderet,
1330 1693 1355 1744 se

331 1785 388 1837 pars
400 1767 425 1819 in
445 1766 511 1830 loco,
528 1765 571 1818 ubi
587 1781 684 1818 eramus
702 1766 735 1817 ad
751 1765 922 1832 obfidendum,
937 1765 1044 1818 castrum
1059 1770 1241 1833 remaneret&
1254 1769 1355 1822 ordina·

332 1857 398 1899 retur
409 1845 517 1898 oblidioe
530 1844 588 1914 quia
603 1844 744 1910 videbatur,
755 1846 823 1916 quod
837 1846 941 1898 castrum
952 1845 975 1896 in
990 1845 1058 1898 breui
1070 1846 1144 1898 nobis
1153 1864 1168 1898 a
1178 1848 1290 1900 Domino
1299 1849 1355 1902 red-

331 1925 439 1988 deretur,
452 1924 561 1976 maxime
573 1941 631 1976 cum
643 1923 675 1976 de
684 1923 759 1993 plano
772 1926 804 1976 ad
822 1941 906 1976 muros
920 1924 968 1976 stne
979 1923 1130 1977 offendiculo
1145 1925 1267 1994 possemus
1284 1944 1355 1982 acce·

224 2025 245 2069 p.
257 2008 315 2056 rada
330 2004 398 2069 dere,
412 2002 531 2074 petrarias
543 2003 639 2072 erigere
656 2005 680 2056 δι
695 2003 744 2055 alia
761 2003 851 2070 facere,
864 2021 913 2074 que
926 2005 958 2055 ad
971 2004 1136 2057 munitionem
1152 2005 1207 2057 sunt
1220 2004 1355 2059 necessaria

330 2082 494 2152 capiendm&
508 2081 558 2152 ipse
569 2082 676 2135 libenter
685 2099 742 2134 cum
757 2082 873 2135 fratribus
884 2085 1036 2135 remanebat.
1052 2085 1164 2136 Econtra
1177 2101 1238 2137 vero
1250 2085 1354 2154 quidam

329 2162 431 2214 dicebat
443 2161 587 2215 &maxime
599 2177 683 2214 comes
706 2161 817 2229 Tripolis
838 2163 1011 2226 Boamundus,
1030 2163 1099 2233 quod
1115 2180 1165 2215 non
1184 2175 1238 2216 erat
1260 2167 1354 2218 bonum

330 2241 354 2293 in
377 2241 450 2294 nette
466 2240 508 2304 iila
527 2241 551 2292 in
579 2251 665 2293 monte
691 2239 825 2293 exercitum
850 2241 953 2294 Domini
976 2243 1076 2295 morari.
1097 2244 1126 2294 In
1148 2242 1266 2295 divisione
1287 2245 1354 2297 enim

330 2322 452 2374 exercitus
464 2319 584 2373 uidebant
597 2319 733 2388 periculum
751 2319 914 2372 manifestum.
937 2323 995 2380 Qua
1016 2320 1065 2374 fide
1086 2333 1171 2374 autem
1192 2339 1276 2374 comes
1293 2323 1354 2376 illud

329 2399 479 2453 consuluerit
496 2401 520 2452 dt
538 2399 692 2453 obsidionem
708 2399 857 2468 impedierit,
869 2399 939 2452 novit
955 2401 1036 2452 Deus.
1058 2401 1113 2470 lpo
1129 2413 1214 2453 autem
1229 2401 1355 2456 dominica

329 2478 455 2532 descendit
467 2480 499 2530 de
512 2490 597 2531 monte
610 2479 731 2530 exercitus
745 2477 865 2546 inglorius
877 2480 900 2531 ie
910 2496 954 2548 per
963 2478 1086 2531 indultum
1097 2480 1207 2548 spacium
1215 2481 1354 2536 incredulos

329 2559 458 2611 animavit.
485 2557 564 2611 Multi
585 2569 669 2610 autem
692 2556 815 2625 templarii
833 2558 1020 2627 &hospitalarij
1035 2562 1058 2610 dr
1074 2558 1176 2627 quidam
1196 2560 1316 2613 seculares
1329 2562 1354 2614 in

330 2637 437 2692 secundo
457 2637 548 2690 montis
565 2635 674 2699 ascensu,
693 2636 796 2705 quando
819 2637 951 2689 castrenses
971 2638 1033 2690 vires
1056 2651 1213 2707 acceperant,
1231 2639 1354 2694 vulnerati

330 2717 422 2769 sunt&
440 2717 473 2769 de
490 2716 633 2769 vulneribus
648 2714 780 2768 intersedi.
803 2715 935 2768 Credimus
954 2728 1038 2768 autem
1058 2717 1182 2771 Christum
1205 2719 1288 2771 Deum
1310 2720 1354 2773 srbi

329 2794 373 2847 soli
381 2794 451 2846 hunc
466 2792 620 2863 triumphum
633 2792 724 2846 montis
737 2791 872 2845 reservasse.
898 2793 948 2853 Qui
967 2811 1024 2846 cum
1039 2795 1124 2863 paucis
1136 2795 1260 2865 discipulir
1272 2797 1354 2867 ipsum

329 2872 449 2939 ascendit,
469 2873 577 2943 gloriam
597 2871 680 2924 futrue
699 2871 879 2925 resurreffionis
895 2873 990 2927 ibidem
1006 2873 1205 2928 demonstrando.
1228 2876 1308 2929 Porro
1327 2877 1354 2930 in

329 2952 410 3023 primo
422 2953 445 3006 du
458 2952 484 3004 in
497 2951 605 3005 secundo
617 2952 729 3020 equitatu
745 2951 879 3003 maximam
900 2953 1085 3006 multitudinem
1106 2953 1272 3024 captivorum,
1287 2955 1354 3008 viro·

329 3033 426 3086 rum&
446 3031 576 3084 mulierum
596 3047 626 3084 ac
643 3031 803 3100 pomulorum
823 3031 943 3084 christiani
963 3031 1045 3085 secum
1063 3033 1196 3101 duxerunt,
1212 3052 1243 3087 ex
1261 3034 1354 3105 quibus

329 3112 412 3182 plures
424 3110 561 3164 fumantia
575 3109 663 3164 Chrisli
676 3110 778 3164 nomine
790 3109 920 3179 baptizati.

588 3331 591 3343 '
661 3322 708 3386 81.
729 3320 779 3383 De
796 3322 875 3384 tertio
892 3321 1025 3403 equitatu.

364 3528 393 3578 In
413 3523 488 3578 tertio
505 3523 618 3594 equitatu
642 3542 692 3577 non
713 3523 825 3577 interfuit
836 3523 983 3594 {patriarcha
1000 3541 1058 3577 cum
1078 3524 1147 3594 signo
1166 3525 1253 3580 crucis.
1273 3528 1353 3580 Inter-

328 3603 428 3656 fuerunt
440 3615 524 3656 autem
538 3603 619 3672 plures
633 3603 748 3673 episcopi,
760 3605 784 3654 in
798 3619 851 3672 quo
865 3603 944 3656 multa
960 3603 1052 3655 damna
1067 3604 1231 3671 sustinuimus,
1244 3616 1297 3658 tam
1310 3623 1353 3676 per

220 3688 274 3735 Dee
285 3703 316 3748 ²4
328 3681 479 3736 latrunculos
507 3699 584 3753 quam
609 3683 773 3736 incommodo
798 3682 895 3754 hyemis
921 3683 1045 3748 violentis,
1066 3683 1194 3752 presertim
1215 3685 1239 3736 in
1268 3685 1353 3754 vigilia

328 3761 417 3814 natalis
429 3761 534 3815 Domini
547 3779 589 3831 per
601 3761 677 3826 uiam,
688 3762 730 3813 ubi
744 3761 815 3814 multi
827 3779 947 3832 pauperes
961 3764 985 3814 de
997 3762 1108 3814 iumenta
1120 3763 1213 3832 frigore
1227 3764 1352 3833 perierunt

327 3840 417 3910 &ipsa
433 3841 500 3893 sacra
513 3841 596 3906 noble,
607 3841 632 3892 in
646 3858 696 3910 qua
709 3841 880 3910 tempestatem
892 3840 1031 3893 terrestrem
1043 3841 1123 3894 uentis
1139 3843 1163 3894 δι
1177 3842 1264 3911 pluuiis
1277 3860 1349 3897 com·

327 3933 424 3972 motam
434 3919 590 3974 sustinuimus
598 3919 773 3989 gravissimam.
786 3922 815 3970 In
823 3919 913 3972 sinibus
923 3919 989 3990 Tyri
997 3920 1135 3988 &sydonis
1145 3920 1214 3972 iuxta
1222 3924 1351 3992 sareptam

327 4000 381 4069 post
393 3999 534 4053 huiusmodi
550 3999 722 4069 intemperiem
735 3999 857 4051 exercitus
879 4000 983 4052 Domini
1001 3999 1179 4069 quadrifariam
1201 4000 1293 4053 divisus
1311 4003 1351 4056 est.

326 4080 384 4133 Rex
396 4078 508 4150 Ungarie
519 4080 545 4131 tr
557 4096 600 4132 rex
614 4079 693 4151 Cypri
707 4075 834 4146 Tripolim
848 4078 951 4148 proiecti
967 4080 1029 4130 sunt.
1043 4079 1100 4131 Rex
1114 4081 1226 4148 Ungarie
1241 4080 1266 4133 in
1283 4082 1353 4134 brevi
1366 4093 1425 4140 ηις

327 4170 440 4229 tempore
453 4170 623 4211 commoratur
636 4175 693 4210 cum
706 4174 801 4226 magno
812 4158 906 4210 damno
914 4167 979 4210 terre
991 4157 1153 4227 promisionis
1163 4159 1263 4212 recessit.
1277 4160 1352 4214 Perc-

326 4237 412 4308 grinoa
431 4237 496 4290 enim
514 4239 538 4290 dt
559 4236 707 4302 dextrarios,
724 4236 809 4306 galeas
825 4239 849 4289 de
866 4237 979 4289 iumenta
995 4253 1053 4289 oum
1073 4237 1148 4288 armis
1167 4237 1249 4290 secum
1269 4240 1352 4306 traxit,

327 4317 433 4370 multum
453 4316 624 4370 admonitura
641 4317 790 4387 patriarcha,
809 4335 841 4371 ne
864 4317 896 4370 stc
913 4317 1045 4370 recederet.
1069 4317 1190 4370 Tandem
1208 4335 1352 4372 excommu-

326 4397 423 4451 nicatus
436 4397 471 4450 est
483 4414 541 4450 cum
554 4397 596 4450 sua
609 4396 715 4468 sequela.
728 4396 790 4450 Alia
803 4415 859 4466 pars
873 4396 1001 4466 pigrorum
1014 4396 1062 4449 srue
1074 4397 1218 4450 timidorum
1229 4401 1253 4451 δι
1264 4417 1351 4453 eorum

326 4477 371 4548 qui
380 4478 572 4547 procumbentes
581 4493 624 4530 ore
636 4477 710 4547 pleno
723 4477 902 4530 abundantiam
918 4475 1092 4545 temporalium
1102 4477 1227 4543 biberunt,
1237 4481 1352 4532 remansit

326 4556 352 4610 in
364 4556 470 4609 Acbon.
486 4557 543 4609 Rex
558 4572 617 4608 vero
631 4555 785 4610 Hiemsalem
798 4559 822 4609 de
835 4557 886 4609 dux
908 4555 1009 4610 Austrie
1022 4572 1080 4608 cum
1093 4555 1256 4626 hospitalariis
1269 4559 1350 4612 Sanili

327 4635 445 4688 Iohannis
464 4636 486 4688 δι
505 4634 625 4704 episcopia
644 4635 787 4705 supradiilis
806 4637 829 4688 st
845 4635 995 4706 quibusdam
1009 4637 1062 4690 aliis
1082 4638 1187 4690 castrum
1203 4637 1229 4691 in
1245 4639 1351 4692 Cesarea

327 4713 450 4770 Paleffine
471 4713 541 4768 brevi
557 4724 668 4785 tempore
689 4715 782 4766 utiliter
799 4716 824 4767 st
846 4716 986 4768 constanter
1005 4717 1175 4783 firmaremnt,
1196 4718 1254 4770 licet
1275 4717 1350 4770 bostis
