4336 6572
594 963 662 1086 38.
698 962 904 1094 Rogerius
925 959 975 1054 de
1003 959 1274 1055 Wertdovver.
1398 992 1444 1086 53

425 1223 582 1288 &auxilio
597 1223 661 1286 eius
676 1223 858 1304 expetendo.
883 1221 1007 1285 Deinde
1026 1224 1056 1284 in
1080 1221 1217 1288 Galliam
1239 1223 1361 1302 translit,
1379 1245 1451 1287 cum

425 1333 496 1394 rege
511 1311 653 1394 Philippo
668 1310 836 1389 locuturus,
850 1331 867 1372 a
881 1333 943 1392 quo
955 1309 1123 1374 honorifice
1135 1311 1284 1394 susceptus
1295 1312 1452 1396 multaque

425 1401 555 1484 pecunia
568 1403 605 1462 ad
624 1399 854 1462 subventionem
874 1399 974 1462 Terre
994 1398 1102 1462 Sandie
1127 1401 1237 1463 ditatus
1258 1400 1309 1462 est.
1332 1401 1453 1464 Dicunt

424 1489 507 1552 enim
523 1490 605 1570 quod
620 1509 674 1551 rex
685 1486 843 1570 Philippus
856 1489 885 1549 in
898 1489 1050 1567 extremis,
1061 1509 1131 1550 curn
1144 1487 1355 1551 testamentum
1368 1489 1452 1552 suum

425 1577 546 1653 faceret,
560 1575 598 1637 de
613 1575 748 1639 thesauro
765 1577 816 1639 suo
831 1575 1015 1659 delegaverit
1035 1578 1097 1660 regi
1116 1578 1335 1661 quinquaginta
1356 1577 1453 1641 millia

333 1697 354 1742 p.
368 1693 413 1742 ¹94
425 1684 595 1727 marcarum
606 1664 635 1726 δι
646 1663 836 1746 Templariis
847 1667 1067 1748 quinquaginta
1081 1666 1187 1746 millia,
1198 1666 1227 1728 dc
1238 1665 1450 1749 Hospitalariis

426 1753 564 1816 totidem.
590 1752 660 1816 Post
681 1753 737 1816 hec
763 1772 864 1816 autem
886 1754 1034 1836 applicuit
1057 1757 1088 1816 in
1112 1754 1266 1837 Angliam,
1291 1777 1362 1817 cum
1382 1776 1451 1838 rege

426 1840 564 1904 Henrico
580 1842 609 1905 dr
624 1843 802 1925 proceribus
820 1845 904 1925 regni
920 1843 957 1905 de
978 1843 1175 1905 subventione
1200 1843 1366 1906 locuturus.
1382 1842 1452 1906 Rex

425 1950 510 2008 vero,
524 1946 651 2013 accepto
666 1931 801 2008 confilio,
818 1931 954 1994 edidium
968 1931 1108 2013 generale
1124 1954 1178 2013 per
1193 1948 1289 1993 totam
1304 1932 1450 2014 Angliam

426 2020 593 2101 proposuit,
607 2035 755 2102 quantum
770 2019 895 2103 quisque
906 2021 1056 2083 comitum
1071 2040 1106 2082 ac
1118 2020 1306 2083 baronum&
1318 2021 1450 2084 militum

426 2106 456 2169 dt
475 2122 647 2170 ceterorum
661 2109 799 2169 oninium
815 2109 886 2170 dare
902 2109 1057 2171 deberent

549 2361 607 2458 38.
637 2378 827 2431 nocemus
851 2378 903 2429 nn
927 2373 1329 2452 wnrvnowsn(†12³rl‚

778 2551 880 2621 Floret
897 2557 1096 2642 llissorr'orum.

614 2733 673 2804 [Ed.
691 2738 726 2788 H.
743 2737 774 2787 0.
790 2736 871 2801 Coxe,
885 2735 1002 2800 London,
1017 2741 1094 2801 1842,
1105 2736 1152 2802 IV,
1164 2754 1187 2805 p.
1203 2736 1280 2807 7-62.]

927 2873 947 2915 ’l‘

429 3033 537 3100 [Sequitur
551 3037 583 3084 ad
594 3037 684 3084 verbum
697 3037 788 3100 Olivrrr'j
798 3037 924 3100 Scholastica,
940 3038 997 3084 Hist.
1010 3038 1171 3097 Damiarinam,
1190 3039 1327 3085 c.1·xxtv
1342 3038 1455 3101 (Erratis,

496 3107 582 3170 Corpus
593 3107 644 3154 hist.
656 3107 690 3153 M.
701 3107 754 3166 AE.,
767 3109 799 3166 ll,
812 3115 962 3168 1397·1420),
972 3107 1002 3154 dir
1013 3121 1090 3168 tamer,
1101 3107 1280 3172 qaaeseqrvrrntur,
1291 3108 1388 3171 additia]

425 3247 566 3334 Qualiter
579 3247 719 3336 soldanus
732 3269 848 3329 regnum
870 3245 1055 3336 Hierusalem
1078 3249 1176 3311 obtulit
1194 3248 1361 3330 christianis,
1383 3265 1415 3312 ut
1436 3275 1456 3314 a

563 3349 566 3354 '
777 3336 915 3398 Damieta
930 3338 1093 3400 recederent.

349 3525 370 3571 p.
383 3521 412 3570 57
466 3483 615 3548 Soldanus
637 3487 739 3568 igitur,
753 3487 930 3548 convocatis
945 3486 1136 3568 magnatibus
1158 3484 1215 3548 suis
1237 3486 1266 3548 δι
1281 3484 1456 3551 consrliariis
1470 3513 1529 3562 1219

425 3571 610 3652 fideliffimis,
624 3575 698 3636 dum
719 3571 790 3636 esset
811 3576 842 3636 in
867 3576 977 3636 mentis
999 3574 1121 3656 angaria
1140 3573 1329 3653 constitutus,
1350 3597 1455 3638 coram

427 3661 470 3724 eis
488 3663 531 3723 est
552 3661 672 3726 locutus
687 3663 769 3725 hunc
784 3664 814 3724 in
831 3663 968 3725 modum.
985 3659 1082 3740 Deus,
1096 3663 1205 3745 inquit,
1224 3663 1456 3726 christianorum

427 3770 553 3833 magnus
568 3753 620 3829 est,
633 3749 730 3814 fidelis
747 3751 777 3813 δι
792 3752 947 3833 potensin
962 3751 1071 3832 preli0,
1085 3752 1168 3834 quod
1190 3772 1247 3814 nos
1269 3755 1454 3834 comproba-

427 3841 526 3902 vimus
548 3840 709 3919 omnes,&
732 3841 865 3901 maxime
889 3840 922 3901 in
945 3839 1006 3900 hoc
1031 3839 1151 3900 instanti
1173 3840 1313 3920 articulo,
1338 3842 1366 3902 in
1392 3862 1454 3922 quo

427 3926 582 3990 manifeste
606 3945 722 4010 pugnat
736 3945 914 3991 contrarios
929 3949 986 4009 pro
1008 3928 1140 3990 inimicis
1160 3930 1278 4008 nostris,
1291 3929 1321 3991 δι
1347 3929 1455 4010 procul

428 4017 520 4078 dubio
531 4018 628 4080 inanis
636 4020 694 4080 erit
704 4019 783 4080 adlio
794 4017 894 4080 nostra
902 4035 975 4096 tota,
986 4019 1132 4100 quamdiu
1141 4015 1246 4081 fideles
1258 4019 1353 4100 ipsum
1363 4020 1467 4081 habe-¹

428 4105 503 4166 bunt
518 4105 698 4188 placabilem
713 4107 894 4169 adiutorem.
917 4105 1010 4182 Ecce,
1029 4108 1168 4169 imminet
1182 4109 1284 4189 captio
1301 4109 1455 4185 Damiete,

428 4216 487 4276 que
503 4197 596 4258 clavis
611 4194 653 4257 est
665 4197 757 4258 totius
769 4197 903 4280 Aegypti
909 4224 918 4273 3
933 4196 1021 4280 quest
1033 4213 1121 4278 capta
1133 4197 1233 4275 suerit,
1243 4197 1275 4256 in
1287 4197 1455 4259 maximum

428 4284 609 4346 nostrum&
630 4284 704 4368 legis
725 4285 825 4347 nostre
848 4286 1009 4366 proveniet
1031 4285 1257 4362 detrimentum,
1278 4286 1359 4368 quia,
1384 4307 1456 4347 cum

429 4371 584 4436 multoties
600 4371 716 4455 legatur
735 4394 753 4434 a
769 4372 937 4436 christianis
953 4371 1072 4452 obsessa,
1093 4394 1250 4454 nunquam
1265 4390 1366 4436 tamen
1382 4373 1457 4457 legi-

429 4476 479 4523 tur
492 4460 653 4543 subiugata.
675 4461 767 4523 Unde
782 4462 871 4524 nobis
883 4460 955 4524 utile
966 4481 1044 4539 reor,
1062 4477 1095 4523 ut
1106 4461 1267 4524 reddamus
1280 4460 1352 4524 Deo
1363 4462 1456 4524 chris·

429 4550 582 4610 tianorum
597 4570 632 4611 ea
646 4571 705 4630 que
720 4549 770 4611 sua
784 4551 906 4612 suerunt
920 4552 1033 4628 omnia,
1043 4572 1081 4611 ne
1094 4547 1180 4611 srmul
1191 4571 1262 4611 cum
1274 4550 1331 4612 suis
1343 4551 1457 4613 auferat

429 4637 563 4715 anobis,
581 4659 641 4719 que
659 4637 758 4700 nostra
777 4636 836 4700 esse
857 4639 998 4701 videntur
1006 4666 1015 4713 3
1039 4638 1138 4720 sicque
1159 4659 1231 4700 cum
1254 4637 1347 4701 iustus
1368 4636 1403 4700 srt
1426 4639 1456 4702 dt

428 4723 526 4792 aliena
539 4747 602 4790 non
617 4725 821 4812 concupiscat,
830 4725 851 4789 fi
861 4727 941 4789 hanc
952 4748 1060 4814 pacem
1074 4725 1278 4818 recusarint&
1290 4730 1456 4812 equitatem
