4362 6560
744 1006 755 1062 ι
775 1001 821 1093 52
887 968 1129 1099 ‘seflimoniu
1151 967 1193 1058 in
1218 965 1437 1056 Germania
1448 964 1627 1094 scripta.

664 1246 722 1292 1218
736 1256 808 1297 vero
821 1233 927 1317 pasche
938 1232 1034 1296 sevior
1048 1249 1112 1296 erat
1126 1232 1285 1315 tempestas
1296 1230 1504 1294 &maximum
1519 1231 1590 1314 passi
1599 1231 1667 1294 sunt
1681 1232 1761 1315 peri-

737 1324 851 1387 culum.
868 1323 962 1387 Unde
984 1324 1116 1406 quedam
1131 1343 1222 1385 naves
1237 1321 1450 1406 applicuerunt
1464 1320 1544 1404 apud
1559 1319 1762 1385 Barcinonam
1774 1325 1797 1371 Ρ·
1808 1319 1853 1368 ²⁴⁵

736 1414 768 1475 in
782 1434 878 1496 regno
889 1408 1089 1495 Aragonensr,
1103 1412 1234 1493 quedam
1245 1412 1324 1494 apud
1337 1408 1514 1489 Marsrliam,
1527 1410 1659 1493 quedam
1670 1410 1762 1475 trans-

737 1517 843 1565 euntes
868 1501 948 1562 inter
968 1500 1042 1562 duas
1070 1498 1190 1578 insulas,
1213 1499 1392 1562 Sardenium
1412 1498 1526 1562 scilicet
1546 1498 1576 1560 δι
1594 1495 1763 1580 corneam,

738 1603 942 1672 pervenerunt
962 1588 999 1650 ad
1014 1584 1141 1650 lanuam
1161 1585 1220 1649 five
1235 1583 1332 1649 Pisam
1345 1583 1405 1648 five
1421 1583 1601 1649 Messanam.
1623 1584 1763 1650 Messana

736 1676 918 1740 nobiliffima
939 1674 1119 1758 metropolis
1148 1674 1191 1738 est
1218 1675 1249 1737 in
1271 1674 1389 1752 Sicilia;
1412 1676 1568 1739 habundat
1593 1677 1676 1739 enim
1700 1676 1763 1737 fiu-

737 1781 853 1844 mento,
875 1764 945 1827 oleo
968 1763 997 1828 de
1015 1765 1097 1827 vino.
1118 1761 1159 1825 Et
1173 1760 1213 1825 fic
1227 1762 1384 1826 succeffive
1398 1763 1636 1842 transfretabant,
1650 1762 1680 1826 δι
1694 1785 1763 1846 per·

737 1869 886 1917 venerunt
900 1852 993 1937 usque
1009 1853 1108 1915 Acon.
1129 1849 1176 1913 Ibi
1193 1851 1307 1934 placuit
1321 1853 1497 1934 patriarche,
1510 1853 1584 1936 regi,
1604 1850 1763 1934 episcopis,

738 1942 876 2024 ducibus,
900 1940 1123 2024 Hospitalariis,
1152 1939 1342 2021 Templariis
1363 1940 1527 2025 ceterisque
1552 1937 1763 2024 crucesignatis

737 2031 859 2113 navigio
875 2031 905 2093 in
921 2029 1078 2113 Egyptum
1094 2027 1284 2106 descendere,
1298 2029 1327 2091 δι
1341 2028 1538 2092 inimicorum
1552 2028 1651 2092 sandte
1665 2029 1763 2091 crucis

738 2119 908 2200 potentiam
923 2118 1087 2181 auxiliante
1103 2115 1174 2180 Deo
1189 2132 1356 2180 conterere.

738 2225 812 2288 [srrsra
819 2237 844 2289 p.
855 2238 960 2288 245-250
970 2227 1044 2273 iterant
1058 2223 1156 2288 sequitur
1166 2225 1284 2271 Oliveriaat
1295 2223 1448 2288 Scholastica,
1463 2236 1503 2289 pp.
1517 2237 1657 2285 μοι-1414,
1669 2222 1713 2289 sed
1719 2224 1764 2271 dec

1215 2295 1298 2358 addite]

666 2393 724 2442 ¹²19
773 2389 834 2438 Sunt
845 2397 929 2440 autem
942 2387 989 2438 hec
998 2388 1133 2449 (Cmccum
1143 2387 1167 2438 δι
1177 2387 1254 2438 Mons
1264 2385 1381 2454 Regalis)
1394 2385 1446 2438 duo
1459 2386 1514 2439 loca
1525 2385 1550 2438 in
1564 2385 1663 2439 Arabia
1676 2383 1720 2438 fita
1730 2412 1754 2423 -
1776 2381 1798 2427 Ρ·
1809 2376 1855 2424 ²⁴⁹

737 2465 762 2516 δι
774 2464 816 2534 qui
829 2464 876 2516 bec
890 2475 1005 2534 potenter
1018 2463 1134 2528 tenuerit,
1155 2462 1288 2515 Ierusalem
1302 2479 1361 2516 curn
1374 2463 1479 2516 voluerit
1491 2465 1601 2534 graviter
1614 2463 1686 2516 nimis
1704 2480 1763 2516 cum
1775 2467 1798 2513 P·
1809 2461 1855 2510 ²50

737 2553 805 2622 agris
817 2554 842 2605 δι
854 2552 932 2606 vineis
944 2551 1027 2605 ledere
1039 2551 1140 2622 poterit.
1163 2537 1199 2602 In
1213 2541 1275 2602 hoc
1289 2540 1412 2602 tandem
1427 2557 1636 2604 convenerunt
1649 2539 1765 2620 fideles,

737 2645 773 2692 ut
783 2631 917 2712 primum
929 2631 1035 2693 civitas
1049 2643 1285 2711 expugnaretur,
1299 2627 1371 2690 licet
1385 2649 1462 2709 opus
1476 2630 1564 2692 causa
1577 2628 1764 2692 liberationis

738 2716 847 2780 Sandie
859 2718 960 2781 Terre
975 2717 1066 2780 suerit
1080 2717 1268 2794 inchoatum,
1289 2715 1319 2777 δι
1333 2717 1473 2779 omnium
1487 2714 1764 2801 crucesignatorum

738 2805 805 2869 talis
819 2806 877 2868 suit
890 2806 1029 2868 intentio.

638 2904 699 2952 nov.
710 2915 722 2965 5
772 2905 852 2976 Igitur
868 2922 930 2959 non.
955 2904 1101 2958 novembris
1112 2916 1186 2974 capta
1196 2904 1229 2957 esl
1239 2904 1360 2958 Damiata
1372 2905 1466 2974 absque
1479 2905 1608 2960 deditione
1617 2907 1667 2960 stne
1679 2906 1766 2960 desen·

737 2983 812 3050 lione,
830 2983 878 3037 line
891 2983 999 3036 violenta
1008 2983 1187 3054 depredatione
1199 3000 1256 3036 cum
1271 2983 1393 3050 tumultu,
1406 2995 1433 3036 ut
1443 2985 1485 3038 soli
1495 2985 1560 3039 Filio
1568 2987 1618 3039 Dei
1627 2985 1766 3040 ascribatur

738 3064 864 3118 evidenter
876 3063 986 3116 vidoria.
1008 3066 1098 3132 ltaque
1110 3081 1168 3116 cum
1181 3063 1263 3132 primo
1276 3063 1403 3116 civitatem
1417 3063 1545 3117 intrassent
1559 3066 1703 3135 plusquam
1717 3065 1765 3118 tria
1820 3056 1983 3121 filim

738 3143 808 3195 milia
828 3155 986 3196 mortuorum
1008 3143 1156 3195 invenerunt
1177 3142 1201 3193 in
1223 3160 1252 3194 ea
1274 3159 1344 3196 rnore
1366 3160 1456 3196 canum
1478 3144 1503 3197 in
1527 3143 1614 3214 plateis
1630 3143 1765 3214 insepultos
1780 3059 1994 3242 [Ξίᾌζὲἆιιζῦ

1757 3187 1787 3244 ι(

737 3221 827 3276 iacere.
849 3221 949 3292 Reliqui
962 3239 1050 3275 omnes
1069 3222 1094 3274 in
1107 3239 1137 3274 ea
1149 3221 1243 3274 debiles
1257 3221 1366 3275 suerunt.
1386 3223 1497 3282 Quidam
1510 3223 1629 3294 squidem
1643 3221 1766 3276 christiam
1852 3241 1913 3306 ¹3⁶-l

737 3300 805 3354 circa
819 3301 901 3354 medie
915 3301 993 3354 noblis
1014 3301 1136 3354 silentium
1149 3301 1259 3366 consilio,
1280 3314 1308 3353 ut
1325 3301 1458 3366 credimus,
1481 3303 1649 3373 quorumdam
1662 3303 1695 3355 de
1707 3301 1766 3356 civi·

737 3391 790 3434 tate
802 3381 931 3434 intromissi
943 3382 1053 3447 fuerunt,
1064 3383 1088 3434 dr
1098 3381 1195 3450 legatus
1208 3381 1347 3434 intromissis
1357 3381 1449 3434 nuntiis
1462 3394 1541 3435 turres
1550 3385 1574 3436 dr
1584 3382 1697 3435 homines
1710 3399 1766 3452 per·

736 3459 786 3512 side
798 3463 881 3530 gentis
901 3479 976 3528 quarn
999 3460 1122 3530 plurimos
1142 3459 1260 3529 captavit.
1282 3459 1337 3528 Alij
1360 3459 1430 3512 multi
1443 3462 1602 3514 ascendentes
1615 3474 1694 3514 turres
1715 3460 1766 3513 sor·

737 3538 823 3605 tiores,
853 3557 942 3593 autore
965 3540 1047 3593 lucem
1067 3539 1093 3592 in
1117 3539 1151 3592 eis
1171 3539 1376 3609 prestolabantur.
1399 3542 1546 3610 Exortaque
1565 3542 1620 3594 luce
1643 3557 1765 3593 nonarum

739 3619 916 3672 novembrium
931 3637 1019 3672 omnes
1032 3620 1056 3671 se
1076 3619 1190 3688 captivos
1199 3620 1328 3672 Sarraceni
1342 3619 1462 3672 Damiate
1474 3621 1596 3674 dederunt
1605 3623 1629 3674 dt
1638 3619 1765 3674 civitatem

739 3695 851 3750 totaliter
863 3697 887 3750 in
900 3698 1050 3768 potestatem
1063 3698 1262 3766 christianorum,
1275 3699 1390 3769 quamvis
1402 3699 1481 3767 inviti,
1494 3700 1659 3753 tradiderunt.

871 3939 928 4016 97.
954 3922 1096 3990 annales
1114 3920 1463 4016 Claustromolurgmses
1488 3935 1534 4000 (-
1551 3934 1641 4004 ιω).

1049 4102 1142 4168 [Pertz,
1154 4102 1221 4155 Mon.
1235 4103 1328 4169 Germ,
1342 4105 1392 4170 SS,
1404 4105 1462 4169 DL]

1245 4231 1265 4273 ἡ

814 4343 933 4408 Conax
948 4342 1144 4407 Scotorum.
1433 4347 1576 4412 Courcrs
1591 4347 1626 4412 B.

667 4497 726 4544 1217
782 4467 1223 4551 1217.LeupoldusduxAus-
1328 4487 1412 4556 1217.
1440 4470 1508 4535 Rex
1535 4473 1671 4557 Ungarie
1698 4473 1859 4538 An-t·⁶²2

740 4556 839 4618 trie&
853 4555 943 4620 Stirie
964 4557 994 4619 δι
1011 4557 1150 4621 Andreas
1169 4578 1223 4620 rex
1285 4559 1372 4624 dreas
1383 4559 1413 4621 δι
1424 4558 1597 4642 Liupoldus
1611 4563 1673 4625 dux
1687 4561 1765 4626 Aus-

740 4643 878 4726 Ungarie
909 4644 1010 4708 versus
1050 4643 1222 4729 lherosoly·
1285 4648 1340 4710 trie
1354 4646 1384 4710 δι
1398 4647 1494 4731 Styrie
1508 4668 1580 4709 cum
1594 4648 1659 4714 aliis
1672 4671 1765 4733 quam

740 4751 823 4794 mam
836 4732 938 4816 egredi
951 4731 1027 4795 sunt
1286 4735 1424 4818 plurimis
1446 4737 1484 4800 ad
1504 4750 1615 4800 terram
1637 4739 1764 4822 promis-
