4362 6560
599 953 695 1048 105.
733 925 943 1049 Coesuriur
972 923 1319 1056 Heiflerdorensu.
1383 929 1465 1048 167

444 1185 476 1247 in
486 1182 591 1246 habitu
608 1180 758 1266 religioso,
765 1202 895 1266 cappam
909 1183 1023 1246 habens
1038 1183 1069 1245 iu
1083 1183 1207 1266 pedlore
1217 1183 1369 1267 signatam,
1383 1182 1465 1268 quali

318 1277 428 1341 bra-¹8²
442 1271 624 1354 Templarij.
650 1269 726 1334 Erat
743 1285 846 1334 autem
867 1271 943 1336 facie
970 1271 1104 1354 pulcher,
1128 1271 1158 1335 dr
1180 1271 1289 1336 statura
1312 1293 1466 1354 procerus,

442 1377 532 1445 atque
547 1361 578 1422 in
594 1359 645 1421 suo
657 1360 802 1422 idiomate
817 1359 884 1424 satis
899 1361 1056 1424 facundus.
1070 1361 1132 1423 Hic
1146 1382 1217 1423 cum
1238 1358 1390 1424 obtulill'et
1405 1362 1465 1424 iam

440 1451 524 1515 didio
544 1448 702 1511 Bernardo
719 1447 824 1510 diversi
844 1447 955 1512 coloris
973 1470 1136 1532 gemmam,
1160 1447 1321 1512 &dixisset
1336 1450 1363 1512 se
1381 1449 1465 1513 illam

440 1535 568 1601 attulisse
592 1538 632 1599 de
645 1536 757 1620 Septia,
770 1535 801 1599 dr
815 1551 898 1600 tante
912 1535 970 1600 esse
984 1537 1112 1616 virtutis,
1127 1552 1161 1600 ut
1173 1537 1350 1600 vidturiosos
1364 1537 1464 1600 effice-

441 1642 498 1706 ret,
509 1626 560 1709 qui
577 1646 612 1687 ea
630 1639 786 1687 uterentur
796 1651 806 1700 ς
822 1622 977 1706 respondit
994 1623 1061 1687 ille:
1086 1650 1100 1683 ‹
1119 1625 1267 1702 Domine,
1287 1623 1382 1689 vestra
1400 1647 1463 1688 non

440 1714 596 1802 recipiam,
608 1710 630 1775 st
642 1728 750 1796 potero
765 1732 820 1776 vos
835 1713 915 1795 apud
923 1712 1097 1796 magistrum
1109 1713 1327 1777 rationabiliter
1341 1733 1465 1797 promo-

440 1827 522 1881 vere,
537 1804 615 1865 bene
634 1800 868 1884 experiemini.»
889 1801 940 1864 Ad
958 1801 1018 1863 hoc
1032 1800 1192 1864 videbatur
1205 1800 1353 1879 laborare,
1364 1817 1398 1863 ut
1410 1803 1465 1864 ha-

440 1892 527 1955 beret
540 1890 753 1955 audioritatem
766 1891 805 1952 ab
821 1888 874 1952 illo
889 1889 1073 1972 predicandi.
1087 1886 1204 1951 Eadem
1226 1889 1276 1951 die
1290 1887 1464 1952 concellum

440 1979 483 2044 est
504 1982 533 2042 ei
553 1979 722 2042 sermonem
743 1979 842 2043 secere
863 1979 900 2041 ad
916 1977 1074 2061 populum.
1090 1976 1233 2060 Sequenti
1249 1977 1298 2040 die
1308 1999 1379 2040 cum
1395 2000 1465 2060 pre·

440 2068 518 2132 satus
541 2068 711 2131 Bernardus
732 2068 762 2130 in
787 2067 925 2149 proxima
947 2065 1074 2129 statione
1095 2065 1222 2127 verbum
1246 2065 1465 2130 exhortationis

441 2153 640 2239 proposuisset
662 2156 766 2234 turbis,
784 2155 814 2219 dr
837 2155 958 2238 Sigerus
983 2153 1103 2234 adesset,
1116 2152 1203 2216 finito
1223 2153 1359 2216 sermone
1382 2155 1464 2218 idem

440 2243 561 2328 Sigerus
572 2263 688 2326 pronus
702 2242 733 2305 in
749 2256 862 2305 terram
876 2241 1042 2322 corruit&
1057 2238 1138 2325 quast
1162 2239 1302 2320 obsessus,
1322 2239 1397 2305 srcut
1417 2264 1466 2305 re·

440 2351 511 2394 vera
524 2330 591 2409 suit,
601 2350 709 2393 omnes
720 2330 762 2391 sui
777 2330 915 2412 corporis
929 2328 1028 2412 gestus
1043 2328 1192 2392 formavit
1208 2329 1289 2392 Mox
1303 2351 1465 2396 accurrens

440 2439 472 2480 m
511 2416 579 2480 ister
597 2417 744 2482 Oliverus
758 2438 829 2479 cum
846 2415 977 2496 clericis,
991 2416 1149 2479 hominem
1170 2415 1349 2500 signavit&
1367 2420 1398 2482 in
1412 2441 1465 2482 ec-

439 2439 560 2570 elidam
583 2505 714 2568 tradium
735 2526 840 2568 coram
863 2504 947 2567 altari
962 2504 1111 2587 deposuit,
1125 2505 1176 2568 ubi
1192 2507 1302 2570 multas
1328 2507 1465 2590 blasphe-

439 2595 557 2658 miae&
572 2594 665 2656 verba
682 2595 815 2677 quedam
828 2592 989 2657 horribilia
1011 2594 1098 2656 miser
1122 2593 1174 2656 ille
1198 2595 1229 2656 in
1254 2594 1360 2658 Deum
1381 2596 1412 2659 St
1434 2597 1465 2660 in

439 2684 571 2748 eundem
586 2681 752 2747 Oliverum
773 2683 919 2744 evomuit.
944 2681 1040 2745 Tunc
1054 2703 1148 2745 coreo
1163 2682 1281 2767 ligatus,
1301 2685 1466 2769 curruique

440 2770 605 2854 impofitus,
617 2771 654 2832 ad
666 2786 757 2833 notos
777 2768 845 2833 suos
865 2770 1041 2852 deportatus
1054 2769 1106 2832 esh
1126 2768 1243 2856 Quem,
1258 2771 1399 2848 utaiunt,
1413 2774 1466 2834 de·

440 2878 515 2919 mon
529 2858 637 2940 quinta
647 2859 707 2937 die,
722 2875 814 2940 prout
826 2859 854 2920 ei
870 2858 1057 2940 promiserat,
1064 2857 1213 2920 exstinxit.
1222 2856 1270 2920 Ex
1280 2859 1466 2923 cuiusvexa-

441 2945 526 3009 tione
535 2945 587 3010 seu
601 2964 701 3008 morte
714 2946 899 3010 satisdatum
920 2945 962 3008 est
977 2945 1115 3028 intelligi,
1136 2946 1219 3029 quod
1241 2947 1306 3009 eius
1327 2947 1464 3028 predica·

441 3034 484 3097 tio
498 3055 561 3097 non
586 3035 677 3097 fuerit
697 3034 880 3112 devotionis,
895 3033 943 3096 sed
963 3034 1059 3117 magis
1087 3033 1271 3097 ambitionis.
1296 3032 1420 3097 Dicitur
1433 3034 1464 3098 dr

439 3122 574 3206 apostata
594 3121 732 3202 fixisse&
753 3145 771 3186 a
794 3123 921 3184 domino
940 3143 1018 3205 papa
1036 3121 1148 3201 literas,
1162 3137 1196 3184 ut
1219 3142 1292 3184 eum
1306 3123 1465 3205 provincia

440 3210 595 3290 toleraret,
608 3207 778 3274 obtinuisse.
790 3209 853 3294 Alij
869 3211 1021 3290 dicebant,
1034 3211 1118 3293 quod
1133 3211 1226 3274 etiam
1236 3210 1326 3272 fuerit
1341 3211 1372 3272 in
1386 3231 1464 3274 nave

442 3298 494 3361 illa
514 3299 791 3376 excommunicata,
804 3320 864 3381 que
881 3299 1051 3362 Sarracenis
1066 3318 1148 3362 arma
1165 3297 1275 3362 bellica
1287 3298 1466 3362 vendiderat

442 3386 604 3469 inSeptia
629 3385 789 3450 Noviciur:
814 3386 929 3466 Miror,
950 3407 1043 3470 quare
1065 3385 1222 3449 Dominus
1242 3387 1273 3448 in
1295 3384 1350 3448 isto
1374 3386 1465 3451 huius

441 3475 527 3537 modi
557 3491 732 3537 contemtus
753 3491 815 3538 tam
844 3476 951 3538 acriter
976 3475 1185 3552 vindicaverit,
1206 3495 1277 3537 cum
1306 3472 1380 3538 tales
1407 3471 1465 3538 sunt

439 3564 533 3626 hodie
550 3562 674 3645 plurimi
699 3562 869 3626 sacerdotes
890 3561 1003 3628 Christi
1022 3562 1207 3626 sacrosandla
1224 3562 1364 3646 mysteria
1384 3562 1464 3626 indi·

441 3650 577 3736 gniffime
599 3650 769 3730 traslantes,
794 3649 824 3713 dt
845 3665 964 3714 tantum
988 3672 1043 3734 per
1068 3647 1258 3714 occasionem
1283 3649 1370 3712 illum
1395 3671 1463 3732 pre·

440 3738 583 3801 dicantes.
606 3737 797 3802 Monachus:
822 3737 871 3800 Ad
896 3753 1042 3801 terrorem
1057 3737 1184 3800 arbitror
1205 3737 1319 3800 factum
1333 3737 1463 3802 aliorum

439 3825 640 3905 sacerdotum,
654 3840 720 3889 tum
734 3848 773 3888 ne
787 3825 1005 3888 fermentarent
1018 3824 1101 3888 illam
1123 3824 1308 3908 purissimam
1326 3825 1463 3909 predica-

439 3913 555 3979 tionem
569 3915 678 3993 crucis,
692 3937 752 3998 que
767 3930 885 3977 tantum
903 3912 995 3977 fiebat
1015 3916 1051 3976 ad
1069 3914 1222 3976 honorem
1242 3913 1354 3979 Christi
1369 3941 1379 3991 5
1397 3931 1463 3978 tum

439 4018 566 4086 propter
580 4003 690 4065 merita
703 4003 764 4065 iam
778 4002 851 4064 dieti
871 4001 1003 4066 Oliveri.
1020 4003 1128 4086 Quam
1148 4005 1223 4066 dure
1238 4001 1375 4068 Christus
1388 4016 1463 4066 tunc

441 4091 589 4174 temporis
604 4091 804 4154 vindicaverit
819 4088 906 4153 dolos
921 4087 951 4152 dr
965 4089 1090 4153 iniurias
1104 4086 1156 4151 srbi
1174 4091 1206 4154 in
1221 4090 1462 4173 predicatoribus

439 4177 595 4260 irrogatas,
609 4177 702 4241 habes
717 4177 892 4260 exemplum
913 4177 944 4240 in
966 4176 1158 4240 distindlione
1177 4177 1306 4240 secunda
1326 4176 1462 4259 capitulo

439 4263 567 4347 septimo
591 4266 629 4329 de
652 4264 846 4332 Godescalco
865 4263 1006 4344 usurario,
1027 4265 1079 4348 qui
1104 4265 1335 4346 dispensatorem
1359 4264 1461 4327 dolose

439 4353 643 4417 circumvenit
651 4382 660 4432 3
674 4355 799 4418 habebis
813 4353 843 4416 δι
857 4353 938 4416 aliud
954 4353 984 4415 in
993 4352 1127 4436 capitulo
1140 4353 1273 4437 sequenti
1286 4353 1324 4416 de
1334 4351 1462 4434 superba

315 4457 368 4521 up.
381 4456 423 4520 ιε]
438 4442 552 4519 vetula,
566 4463 626 4525 que
648 4441 820 4524 magistrum
835 4441 1010 4506 Arnoldum
1035 4440 1162 4524 predidli
1186 4440 1307 4508 Oliveri
1328 4439 1460 4523 discipu-

438 4529 513 4608 lum,
526 4529 735 4612 predicantem
750 4529 926 4593 subsanavit.
