4336 6572
517 1029 590 1119 72.
633 999 868 1092 Vincentius
888 992 1196 1122 Bellovocenfir.
1262 981 1268 990 ⁶
1310 1030 1370 1122 97

356 1263 496 1326 iniuriam
517 1259 631 1346 pulsum
660 1262 760 1345 primo
784 1260 968 1343 suppliciter,
997 1261 1107 1324 deinde
1134 1259 1297 1344 prostratus
1319 1283 1372 1343 pe-

355 1351 443 1415 dibus
457 1352 522 1415 eius
536 1349 638 1426 semel,
652 1351 771 1428 iterum,
785 1348 815 1412 &
835 1351 936 1428 tertio,
954 1371 1024 1412 curn
1047 1349 1241 1412 multitudine
1266 1347 1372 1434 populi

355 1437 490 1521 presente
504 1454 637 1522 rogaret,
649 1460 706 1501 nec
721 1437 883 1522 proliceret
896 1438 927 1500 in
942 1437 1086 1500 rebellem
1091 1465 1101 1516 3
1115 1439 1167 1521 qui
1182 1439 1284 1501 denuo
1297 1459 1374 1502 con-

354 1526 455 1591 versut
476 1529 512 1590 atl
533 1526 682 1610 populun
704 1527 781 1589 dixit
801 1524 900 1608 palam
925 1526 1082 1590 omnibus:
1106 1525 1293 1591 ‹Contestor
1307 1548 1373 1607 vos,

357 1642 370 1673 ‹
387 1616 468 1698 quin,
483 1616 535 1698 qui
550 1614 660 1698 spernit
673 1636 740 1693 nos,
754 1614 864 1696 spernit
878 1614 908 1678 δι
921 1635 1002 1692 eum,
1015 1617 1067 1696 qui
1080 1611 1159 1677 misn
1171 1636 1236 1678 nos.
1255 1614 1374 1698 Rogare

357 1727 370 1760 r
384 1723 458 1787 ergo
468 1701 652 1784 Dominum,
664 1720 698 1768 ut
712 1705 771 1767 tale
787 1700 903 1786 signum
917 1701 1054 1766 ostendat
1068 1703 1098 1764 in
1113 1703 1269 1766 hominem
1282 1702 1375 1766 obffi-

357 1807 501 1870 «namur,
517 1815 578 1876 quo
594 1793 714 1856 cunctis'
723 1791 909 1875 presentibus
921 1807 1030 1874 pateat,
1037 1812 1107 1853 eum
1115 1790 1261 1853 hostiliter
1270 1803 1377 1852 contra

357 1903 370 1936 ι
384 1878 413 1941 se
427 1881 458 1942 iu
472 1881 642 1944 retentione
653 1881 715 1964 odij
727 1879 864 1942 adversus
875 1880 1049 1962 proximum
1059 1877 1179 1962 egisse.»
1195 1877 1266 1940 Nec
1276 1896 1376 1939 more:

355 1965 601 2031 oblocutionem
623 1969 670 2030 vir
686 1967 804 2031 sanetus
825 1967 968 2050 explevit,
990 1966 1176 2030 miserandus
1197 1965 1248 2028 ille
1269 1964 1377 2028 eversu

355 2054 464 2134 oculis,
485 2055 585 2134 semel,
611 2056 732 2134 iterum,
754 2055 784 2118 δι
806 2055 897 2117 tertio
918 2055 948 2116 in
971 2069 1081 2116 terram
1108 2054 1238 2130 corruit;
1262 2071 1378 2135 oreque

354 2163 497 2206 cruorem
510 2142 651 2227 spumans
665 2144 695 2207 lt
709 2143 830 2221 saniem,
843 2142 978 2206 horroris
992 2141 1159 2204 maximum
1173 2140 1378 2224 spetlnculum

356 2229 563 2313 &piaculum
588 2232 730 2295 omnibus
756 2231 884 2315 prebuit.
909 2229 1005 2292 Tunc
1027 2229 1120 2291 flente
1148 2229 1275 2311 populo,
1292 2249 1379 2292 reve-

356 2318 468 2384 rendus
481 2320 529 2381 vir
543 2319 605 2382 fusa
620 2341 708 2403 prece
721 2319 899 2403 prostratum
911 2319 1023 2393 erexit,
1036 2319 1089 2400 qui
1105 2338 1178 2379 mox
1189 2318 1378 2400 integerrime

356 2406 520 2490 sospitatus,
534 2409 586 2472 ubi
600 2423 670 2471 ante
684 2407 712 2470 se
727 2409 886 2470 inimicum
900 2407 987 2485 vidit,
997 2403 1079 2488 quali
1088 2404 1252 2488 aliquando
1263 2402 1380 2468 amicis·

356 2493 464 2558 fimum
483 2511 651 2580 rogaturus,
667 2517 741 2560 cum
766 2494 905 2578 lacrymis
929 2495 1050 2556 veniam
1065 2493 1152 2576 petiit
1158 2520 1168 2568 ς
1188 2491 1379 2576 ruensquein

358 2581 460 2645 oscula
472 2584 547 2664 eiuu,
560 2584 597 2648 ad
619 2584 767 2666 lacrymas
790 2583 821 2646 81
844 2581 963 2645 laudem
985 2580 1098 2646 Christi
1124 2581 1262 2644 omnium
1285 2579 1382 2642 corda

361 2686 522 2754 permovit.

630 2849 735 2920 fferre,
748 2851 816 2902 Mne.
830 2850 927 2914 Gerre,
938 2851 987 2913 SS,
1000 2845 1108 2917 xxm]

267 3046 289 3093 t·
302 3033 344 3082 ¹⁶¹
399 3026 436 3091 In
450 3050 530 3092 anno
547 3027 682 3112 sequenti
700 3047 774 3114 1219
787 3045 877 3112 capta
893 3029 936 3092 est
953 3029 1024 3091 urbs
1044 3028 1200 3107 Damiata,
1218 3025 1249 3090 &
1269 3025 1383 3090 Hieru-
1398 3044 1459 3093 ¹²¹9

362 3115 451 3180 salem
466 3115 634 3182 christianis
648 3118 680 3182 in
694 3119 775 3182 bonu
788 3139 863 3202 pace
875 3117 993 3182 reddita
1006 3115 1056 3180 esl

545 3523 603 3604 73.
634 3508 869 3580 Vmcuurros
893 3507 1202 3595 Bmuovncnusrs,

577 3721 734 3812 Speculum
750 3719 904 3812 lusoriule
917 3729 1162 3800 (-1nu4)‚l.m.

715 3899 1045 3972 [conuenerunt]

862 4061 882 4104 2

368 4237 417 4304 79.
441 4222 489 4285 De
514 4221 646 4305 pnffngio
661 4221 793 4303 generali
809 4221 1023 4323 peregrinorum
1036 4221 1238 4306 transnatent,
1248 4222 1341 4306 primo
1356 4221 1389 4282 de

759 4332 853 4372 etrum
866 4323 997 4391 equitatu.

177 4551 248 4602 m
258 4492 354 4602 vllem
404 4483 445 4535 Ex
453 4481 554 4536 historic
566 4481 688 4578 ceptiopis
699 4481 826 4577 Darucinte.
835 4484 917 4536 Anno
929 4483 1010 4578 gretie
1021 4493 1192 4577 1217,treugn
1201 4481 1387 4577 christianorum
1401 4493 1461 4542 ¹¹¹7

158 4621 213 4682 n.
222 4568 354 4683 nn
367 4562 1331 4712 nummu
1339 4565 1390 4696 {n

224 4697 291 4747 ”⁸⁹¹
369 4721 416 4772 bur
428 4718 540 4788 reglum,
550 4719 576 4772 tu
588 4721 623 4773 ell
636 4713 792 4774 lliemsulem
806 4722 831 4774 δι
847 4721 978 4791 ilungarie
990 4722 1014 4774 δι
1028 4721 1115 4793 Cypri,
1127 4720 1200 4774 affuit
1214 4723 1273 4774 Dux
1289 4721 1391 4774 Auslrie

469 4838 490 4875 Τ
1252 4843 1283 4893 13
