4362 6560
727 1025 808 1085 120
909 989 1145 1121 Testimonio
1170 991 1212 1083 in
1236 984 1379 1082 Gallio
1388 987 1568 1114 scripto.

720 1259 801 1322 idem
817 1257 955 1342 magister
967 1257 1136 1336 Guiardus,
1147 1256 1373 1323 Cameracensis
1387 1255 1555 1339 episcopus,
1575 1253 1670 1317 verbo
1684 1253 1742 1316 hu·

720 1346 849 1410 iusmodi
867 1345 1068 1410 confirmavit.
1084 1345 1222 1426 Nollem,
1236 1345 1344 1429 inquit,
1359 1365 1416 1428 pro
1440 1359 1508 1407 toto
1529 1343 1644 1407 Arabie
1666 1363 1742 1406 auro

720 1456 780 1498 una
794 1450 913 1498 tantum
927 1435 1019 1497 nodie
1029 1434 1091 1497 duo
1106 1432 1255 1497 beneficia
1267 1433 1396 1497 retinere
1410 1431 1441 1495 δι
1458 1449 1558 1496 certus
1577 1447 1677 1495 tamen
1698 1431 1743 1496 es·

721 1522 792 1601 sem,
802 1524 884 1604 quod
900 1523 939 1586 de
955 1543 1043 1586 mane
1058 1543 1153 1585 unum
1167 1521 1289 1585 illorum
1300 1522 1413 1584 idoneo
1428 1521 1546 1584 homini
1554 1519 1744 1585 conferretur

721 1611 752 1675 dt
766 1612 826 1674 hoc
841 1628 966 1695 propter
977 1612 1092 1675 incerte
1105 1612 1167 1674 vite
1181 1611 1340 1674 discrimen
1355 1655 1454 1672 .....
1757 1605 1780 1651 P·
1791 1601 1823 1648 ⁷4

1100 1797 1158 1851 Lib.
1172 1799 1193 1865 1,
1205 1815 1228 1851 c„
1245 1818 1287 1864 aa,
1299 1812 1329 1850 n⁰
1344 1815 1368 1864 9.

746 1939 795 2002 De
808 1937 928 2002 Falcone
942 1938 1069 2000 canonico
1084 1935 1232 2027 insulenst,
1246 1935 1294 2036 qui
1303 1950 1357 2020 pro
1369 1936 1547 1999 inobedientia
1561 1953 1626 1999 xxv
1641 1937 1722 2000 mii

1162 2038 1310 2108 egrotavit.

764 2193 869 2283 Quale
880 2209 982 2258 autern
997 2192 1112 2257 malum
1126 2192 1250 2275 quidam
1265 2191 1366 2255 nostra
1388 2205 1468 2254 etate
1493 2212 1546 2273 per
1565 2190 1747 2256 inobedien-
1759 2207 1781 2252 t·
1793 2189 1823 2250 ⁸9

724 2285 799 2350 tiam
822 2284 1028 2349 malecautus
1051 2283 1186 2361 incurrit,
1212 2283 1344 2346 breviter
1361 2281 1535 2345 referamus.
1557 2281 1748 2345 Venerabilis

724 2372 750 2437 F
752 2372 822 2436 ulco
833 2373 872 2434 de
886 2370 1040 2437 Gandavo
1053 2385 1152 2448 natus,
1166 2371 1333 2434 canonicus
1348 2371 1427 2452 apud
1446 2367 1560 2434 Insulas
1583 2387 1658 2434 erat.
1677 2371 1749 2450 Hic,

725 2476 759 2523 ut
772 2461 861 2523 nobis
876 2458 936 2542 ipse
953 2459 1083 2522 narravit
1096 2459 1135 2520 de
1149 2458 1252 2541 seipso,
1266 2457 1436 2540 amagistro
1454 2456 1569 2522 lacobo
1581 2459 1618 2522 de
1632 2460 1749 2524 Vitria·

725 2569 763 2610 co
775 2548 886 2631 legato,
900 2547 1131 2630 &predicatore
1146 2549 1244 2610 crucis
1258 2545 1561 2630 contraAlbigenses,
1570 2563 1703 2629 rogatus,
1717 2563 1751 2612 ut

726 2636 827 2698 secum
846 2656 970 2697 crucem
990 2656 1045 2717 per
1066 2633 1092 2698 F
1094 2633 1241 2698 landriam
1263 2634 1440 2716 predicaret,
1464 2635 1573 2697 renuit.
1598 2634 1658 2699 Cui
1679 2656 1751 2698 cum

726 2723 867 2787 insisteret
882 2744 936 2806 per
950 2723 1075 2801 amicos,
1089 2738 1123 2785 ut
1136 2744 1206 2784 eum
1228 2721 1385 2785 adiuvaret
1407 2723 1439 2784 in
1464 2723 1595 2804 negocio
1616 2721 1752 2787 Ecclelie

727 2827 789 2875 tam
803 2809 966 2874 necellario
980 2809 1011 2873 δι
1025 2812 1149 2889 devoto,
1165 2811 1265 2873 renuit
1279 2808 1331 2872 ille
1346 2810 1487 2888 secundo,
1501 2809 1530 2873 δι
1550 2809 1636 2872 nullo
1658 2814 1752 2873 modo

725 2902 787 2964 hoc
801 2899 829 2961 l'e
844 2899 993 2961 fadiurum
1004 2895 1130 2962 alletuit.
1145 2897 1241 2960 Tunc
1256 2898 1394 2981 magister
1408 2895 1538 2961 Iacobus
1556 2897 1643 2961 illum
1658 2901 1753 2982 magis

680 3061 687 3076 ἱ
728 2983 1752 3070 preceptumtimereconfidens:«Etego,›inquit,‹precipiovobis

729 3073 919 3153 audioritate,
933 3093 994 3158 qua
1008 3075 1128 3157 fungor,
1143 3074 1220 3136 utin
1234 3074 1360 3135 nomine
1376 3071 1441 3135 lesu
1456 3071 1577 3148 Christi,
1597 3075 1627 3136 in
1652 3074 1754 3138 remis-

730 3160 846 3226 fionem
860 3162 999 3225 omnium
1023 3176 1220 3243 peccatorum
1240 3161 1409 3223 vestrorum
1429 3160 1506 3223 istud
1529 3163 1692 3245 negocium
1712 3163 1754 3226 as-

729 3252 860 3314 sumatis.
878 3275 891 3308 ›
909 3250 970 3314 Cui
985 3249 1084 3314 didius
1098 3248 1213 3313 Fulco:
1230 3273 1243 3307 ‹
1260 3247 1360 3313 Nullo
1375 3249 1480 3328 modo,
1494 3274 1506 3305 a
1522 3249 1633 3333 inquit,
1648 3276 1662 3310 ι
1678 3251 1755 3315 allu-

731 3360 824 3418 mam,
846 3338 945 3422 &ego
959 3359 1035 3422 rogo
1054 3359 1118 3416 vos,
1140 3354 1173 3400 ut
1192 3358 1387 3420 nequaquam
1413 3359 1462 3400 me
1486 3338 1523 3400 de
1543 3339 1603 3401 hoc
1628 3338 1755 3406 ulterius

731 3426 873 3510 fatigetis.
894 3450 907 3483 ι
925 3424 1007 3489 Μοκ
1022 3423 1162 3508 magister
1175 3421 1306 3488 Iacobus
1321 3426 1352 3487 in
1366 3425 1458 3488 corde
1471 3426 1601 3508 graviter
1615 3447 1755 3490 commo·

733 3531 792 3593 tus,
817 3513 848 3577 δι
872 3514 933 3577 fere
956 3513 1048 3597 usque
1073 3514 1109 3575 ad
1134 3513 1303 3597 lachrymas
1323 3515 1473 3597 fatigatus,
1487 3514 1530 3576 ait
1549 3512 1615 3576 illi:
1642 3516 1756 3580 ‹Cirm

733 3603 840 3686 utique
856 3601 946 3684 digne
962 3599 1087 3684 pollem,
1097 3600 1278 3664 audioritate
1293 3601 1367 3663 mihi
1383 3599 1548 3681 commiffa,
1561 3622 1617 3666 vos
1630 3623 1757 3666 excom·

732 3691 899 3768 municare,
921 3689 950 3752 ἃ
974 3690 1058 3751 omni
1080 3687 1229 3753 beneficio
1255 3689 1375 3770 privare
1398 3692 1459 3751 iarn
1490 3690 1520 3752 in
1552 3690 1759 3756 inobedientia

733 3795 969 3854 contumacem3
983 3776 1056 3840 nolo
1072 3794 1184 3856 tamen,
1194 3798 1234 3839 ue
1249 3793 1335 3839 tanto
1353 3778 1421 3840 viro
1436 3793 1553 3840 tantum
1574 3778 1679 3843 videar
1691 3801 1770 3865 gra--

733 3886 842 3928 varnen
857 3866 1003 3950 ingerere.
1011 3865 1102 3948 Rogo
1114 3881 1215 3928 tamen
1224 3863 1340 3944 Deum,
1354 3867 1406 3947 qui
1414 3865 1553 3927 omnium
1565 3867 1706 3930 cordium
1716 3869 1759 3932 est

734 3953 894 4037 inspedior,
918 3970 1067 4036 quatenus
1090 3954 1197 4016 reddat
1217 3975 1272 4017 vos
1300 3975 1362 4017 non
1391 3953 1487 4017 solum
1510 3953 1547 4016 ad
1569 3955 1655 4032 istud,
1675 3958 1757 4040 quod

735 4041 882 4124 spernitis,
901 4040 950 4104 l'ed
976 4041 1093 4124 prorsus
1114 4042 1150 4104 ad
1172 4062 1265 4104 omne
1286 4063 1363 4123 opus
1379 4041 1558 4106 inutilem.»
1585 4041 1671 4107 Mira
1691 4045 1757 4110 res!

735 4129 817 4193 Mox
840 4129 876 4192 ad
896 4129 954 4192 hac
968 4130 1061 4192 verba
1074 4145 1221 4213 quartana
1239 4129 1331 4193 febris
1354 4151 1425 4192 eum
1447 4152 1519 4193 cuns
1541 4128 1625 4192 fluxu
1645 4133 1760 4196 uentris

738 4217 852 4297 invasit,
865 4216 896 4280 δι
910 4216 1052 4301 usquead
1067 4215 1160 4280 finem
1174 4217 1237 4280 vite
1252 4217 1301 4280 sue
1317 4239 1370 4299 per
1383 4218 1492 4302 viginti
1511 4219 1648 4302 quinque
1665 4239 1761 4284 annos

736 4305 998 4369 irremediabiliter
1011 4305 1156 4388 fatigavit.
1171 4304 1213 4368 Et
1222 4304 1291 4367 audi
1304 4304 1401 4368 leElor
1414 4307 1526 4368 mirum
1537 4305 1599 4369 Dei
1613 4308 1761 4370 iudicium

736 4393 776 4455 de
799 4393 859 4456 hoc
874 4394 951 4458 viro.
974 4393 1057 4458 Cum
1081 4393 1148 4458 talis
1162 4415 1197 4456 ac
1212 4409 1313 4457 tannis
1328 4393 1408 4473 effer,
1423 4409 1457 4456 ut
1471 4395 1499 4456 ei
1511 4392 1667 4459 Dominus
1681 4392 1762 4461 Iesus
1775 4410 1796 4456 u
1807 4406 1839 4454 9ο

731 4480 886 4568 Christus,
899 4481 973 4545 sicut
987 4503 1040 4564 per
1054 4483 1177 4545 fratrem
1191 4479 1336 4565 Egidium
1347 4481 1461 4545 ordinis
1479 4480 1707 4546 Predicatorum
1731 4486 1762 4546 in

738 4569 895 4634 Gandavo
910 4569 1115 4653 percepimus,
1128 4587 1198 4633 ante
1216 4585 1358 4650 mortem,
1372 4568 1454 4654 quast
1469 4586 1607 4635 recenter
1625 4571 1763 4637 extensus

737 4658 769 4718 in
797 4676 898 4736 cruce,
916 4655 1073 4721 visibiliter
1093 4673 1263 4742 appareret,
1283 4657 1312 4722 dt
1337 4679 1407 4721 eum
1430 4675 1500 4722 ante
1520 4658 1612 4722 finem
1635 4657 1763 4742 Augusti

739 4740 849 4808 mensis
865 4746 1034 4826 prediceret
1048 4748 1250 4809 moriturum:
1264 4745 1351 4809 nullo
1370 4747 1464 4810 modo
1489 4761 1590 4811 tamen
1606 4744 1763 4810 Dominus
