<?xml version="1.0" encoding="UTF-8"?>
<!DOCTYPE html PUBLIC "-//W3C//DTD XHTML 1.0 Transitional//EN"
    "http://www.w3.org/TR/xhtml1/DTD/xhtml1-transitional.dtd">
<html xmlns="http://www.w3.org/1999/xhtml" xml:lang="en" lang="en">
 <head>
  <title>
</title>
<meta http-equiv="Content-Type" content="text/html;charset=utf-8" />
  <meta name='ocr-system' content='tesseract 3.04.00' />
  <meta name='ocr-capabilities' content='ocr_page ocr_carea ocr_par ocr_line ocrx_word'/>
</head>
<body>
  <div class='ocr_page' id='page_1' title='image "./testimoniaminor01rhgoog_0204.png"; bbox 0 0 4362 6560; ppageno 0'>
   <div class='ocr_carea' id='block_1_1' title="bbox 869 1013 1703 1147">
    <p class='ocr_par' dir='ltr' id='par_1_1' title="bbox 869 1013 1703 1147">
     <span class='ocr_line' id='line_1_1' title="bbox 869 1013 1703 1147; baseline 0.001 -41"><span class='ocrx_word' id='word_1_1' title='bbox 869 1045 952 1131; x_wconf 89' lang='lat'><strong>124</strong></span> <span class='ocrx_word' id='word_1_2' title='bbox 1050 1015 1287 1147; x_wconf 83' lang='lat' dir='ltr'><strong>Testimonio</strong></span> <span class='ocrx_word' id='word_1_3' title='bbox 1308 1017 1349 1109; x_wconf 89' lang='lat' dir='ltr'><strong>in</strong></span> <span class='ocrx_word' id='word_1_4' title='bbox 1375 1013 1517 1109; x_wconf 84' lang='lat' dir='ltr'><strong>Gallio</strong></span> <span class='ocrx_word' id='word_1_5' title='bbox 1527 1016 1703 1142; x_wconf 86' lang='lat' dir='ltr'><strong>scripto.</strong></span> 
     </span>
    </p>
   </div>
   <div class='ocr_carea' id='block_1_2' title="bbox 859 1270 1881 1621">
    <p class='ocr_par' dir='ltr' id='par_1_2' title="bbox 859 1270 1881 1621">
     <span class='ocr_line' id='line_1_2' title="bbox 861 1270 1877 1356; baseline 0.001 -22"><span class='ocrx_word' id='word_1_6' title='bbox 861 1273 943 1336; x_wconf 89' lang='lat' dir='ltr'><strong>idem</strong></span> <span class='ocrx_word' id='word_1_7' title='bbox 956 1270 1009 1334; x_wconf 89' lang='lat' dir='ltr'><strong>sub</strong></span> <span class='ocrx_word' id='word_1_8' title='bbox 1021 1271 1122 1334; x_wconf 84' lang='lat' dir='ltr'><strong>nollro</strong></span> <span class='ocrx_word' id='word_1_9' title='bbox 1137 1287 1274 1355; x_wconf 90' lang='lat' dir='ltr'><strong>tempore</strong></span> <span class='ocrx_word' id='word_1_10' title='bbox 1288 1271 1469 1356; x_wconf 82' lang='lat' dir='ltr'><strong>dispensari?</strong></span> <span class='ocrx_word' id='word_1_11' title='bbox 1486 1272 1620 1336; x_wconf 84' lang='lat' dir='ltr'>Crucem</span> <span class='ocrx_word' id='word_1_12' title='bbox 1635 1293 1738 1337; x_wconf 88' lang='lat' dir='ltr'><strong>veram</strong></span> <span class='ocrx_word' id='word_1_13' title='bbox 1753 1294 1791 1336; x_wconf 90' lang='lat' dir='ltr'><strong>ex</strong></span> <span class='ocrx_word' id='word_1_14' title='bbox 1805 1294 1877 1355; x_wconf 92' lang='lat' dir='ltr'><strong>pro-</strong></span> 
     </span>
     <span class='ocr_line' id='line_1_3' title="bbox 859 1359 1881 1442; baseline 0.003 -21"><span class='ocrx_word' id='word_1_15' title='bbox 859 1359 926 1442; x_wconf 92' lang='lat' dir='ltr'><strong>prio</strong></span> <span class='ocrx_word' id='word_1_16' title='bbox 940 1381 1071 1442; x_wconf 91' lang='lat' dir='ltr'><strong>corpore</strong></span> <span class='ocrx_word' id='word_1_17' title='bbox 1085 1360 1255 1424; x_wconf 80' lang='lat' dir='ltr'>dedicatam</span> <span class='ocrx_word' id='word_1_18' title='bbox 1269 1361 1388 1424; x_wconf 86' lang='lat' dir='ltr'><strong>mensus</strong></span> <span class='ocrx_word' id='word_1_19' title='bbox 1402 1359 1444 1423; x_wconf 90' lang='lat' dir='ltr'><strong>est</strong></span> <span class='ocrx_word' id='word_1_20' title='bbox 1459 1360 1596 1424; x_wconf 88' lang='lat' dir='ltr'>Christus</span> <span class='ocrx_word' id='word_1_21' title='bbox 1611 1383 1618 1422; x_wconf 93' lang='lat'>:</span> <span class='ocrx_word' id='word_1_22' title='bbox 1633 1361 1711 1424; x_wconf 90' lang='lat' dir='ltr'><strong>hanc</strong></span> <span class='ocrx_word' id='word_1_23' title='bbox 1724 1359 1829 1424; x_wconf 84' lang='lat' dir='ltr'><strong>fideles</strong></span> <span class='ocrx_word' id='word_1_24' title='bbox 1851 1361 1881 1424; x_wconf 74' lang='grc' dir='ltr'><strong>δι</strong></span> 
     </span>
     <span class='ocr_line' id='line_1_4' title="bbox 859 1447 1881 1533; baseline 0.003 -24"><span class='ocrx_word' id='word_1_25' title='bbox 859 1447 1004 1511; x_wconf 86' lang='lat' dir='ltr'><strong>membris</strong></span> <span class='ocrx_word' id='word_1_26' title='bbox 1019 1451 1143 1532; x_wconf 83' lang='lat' dir='ltr'><strong>affigunt</strong></span> <span class='ocrx_word' id='word_1_27' title='bbox 1157 1449 1358 1513; x_wconf 75' lang='lat' dir='ltr'><strong>umentibus.</strong></span> <span class='ocrx_word' id='word_1_28' title='bbox 1377 1447 1479 1533; x_wconf 86' lang='lat' dir='ltr'><strong>Fingit</strong></span> <span class='ocrx_word' id='word_1_29' title='bbox 1495 1449 1675 1513; x_wconf 84' lang='lat' dir='ltr'><strong>&amp;diabolus</strong></span> <span class='ocrx_word' id='word_1_30' title='bbox 1685 1470 1791 1513; x_wconf 89' lang='lat' dir='ltr'><strong>cruces</strong></span> <span class='ocrx_word' id='word_1_31' title='bbox 1805 1448 1881 1528; x_wconf 82' lang='lat' dir='ltr'><strong>suas,</strong></span> 
     </span>
     <span class='ocr_line' id='line_1_5' title="bbox 860 1537 1803 1621; baseline 0.002 -23"><span class='ocrx_word' id='word_1_32' title='bbox 860 1556 934 1618; x_wconf 80' lang='lat' dir='ltr'><strong>quat</strong></span> <span class='ocrx_word' id='word_1_33' title='bbox 948 1537 1081 1620; x_wconf 86' lang='lat' dir='ltr'>reprobi,</span> <span class='ocrx_word' id='word_1_34' title='bbox 1094 1553 1197 1601; x_wconf 86' lang='lat' dir='ltr'><strong>mente</strong></span> <span class='ocrx_word' id='word_1_35' title='bbox 1216 1537 1362 1621; x_wconf 87' lang='lat' dir='ltr'><strong>perversa,</strong></span> <span class='ocrx_word' id='word_1_36' title='bbox 1380 1553 1497 1601; x_wconf 90' lang='lat' dir='ltr'><strong>tantum</strong></span> <span class='ocrx_word' id='word_1_37' title='bbox 1511 1538 1654 1600; x_wconf 89' lang='lat' dir='ltr'><strong>membris</strong></span> <span class='ocrx_word' id='word_1_38' title='bbox 1669 1538 1803 1620; x_wconf 82' lang='lat' dir='ltr'><strong>affigunt.</strong></span> 
     </span>
    </p>
   </div>
   <div class='ocr_carea' id='block_1_3' title="bbox 1236 1758 1510 1825">
    <p class='ocr_par' dir='ltr' id='par_1_3' title="bbox 1236 1758 1510 1825">
     <span class='ocr_line' id='line_1_6' title="bbox 1236 1758 1510 1825; baseline 0.004 -14"><span class='ocrx_word' id='word_1_39' title='bbox 1236 1758 1292 1813; x_wconf 89' lang='lat' dir='ltr'><strong>Lib.</strong></span> <span class='ocrx_word' id='word_1_40' title='bbox 1306 1761 1339 1825; x_wconf 88' lang='lat' dir='ltr'><strong>ll,</strong></span> <span class='ocrx_word' id='word_1_41' title='bbox 1351 1777 1374 1814; x_wconf 88' lang='lat' dir='ltr'><strong>c.</strong></span> <span class='ocrx_word' id='word_1_42' title='bbox 1391 1765 1431 1825; x_wconf 83' lang='lat'><strong>18,</strong></span> <span class='ocrx_word' id='word_1_43' title='bbox 1443 1767 1473 1812; x_wconf 84' lang='lat' dir='ltr'><strong>n⁰</strong></span> <span class='ocrx_word' id='word_1_44' title='bbox 1487 1779 1510 1812; x_wconf 79' lang='lat' dir='ltr'><strong>a.</strong></span> 
     </span>
    </p>
   </div>
   <div class='ocr_carea' id='block_1_4' title="bbox 1018 1904 2034 2188">
    <p class='ocr_par' dir='ltr' id='par_1_4' title="bbox 1018 1904 2034 2188">
     <span class='ocr_line' id='line_1_7' title="bbox 1018 1904 2034 1990; baseline -0.002 -20"><span class='ocrx_word' id='word_1_45' title='bbox 1018 1904 1182 1989; x_wconf 80' lang='lat' dir='ltr'><em>Exemplum</em></span> <span class='ocrx_word' id='word_1_46' title='bbox 1195 1906 1229 1968; x_wconf 86' lang='lat' dir='ltr'><strong>de</strong></span> <span class='ocrx_word' id='word_1_47' title='bbox 1242 1907 1299 1968; x_wconf 86' lang='lat' dir='ltr'><strong>odio</strong></span> <span class='ocrx_word' id='word_1_48' title='bbox 1311 1905 1433 1990; x_wconf 76' lang='lat' dir='ltr'><strong>intestino</strong></span> <span class='ocrx_word' id='word_1_49' title='bbox 1446 1905 1609 1968; x_wconf 81' lang='lat' dir='ltr'><em>terribiliter</em></span> <span class='ocrx_word' id='word_1_50' title='bbox 1619 1907 1724 1990; x_wconf 80' lang='lat' dir='ltr'><strong>punito.</strong></span> <span class='ocrx_word' id='word_1_51' title='bbox 1896 1937 1918 1982; x_wconf 80' lang='lat' dir='ltr'><strong>p.</strong></span> <span class='ocrx_word' id='word_1_52' title='bbox 1930 1933 2034 1968; x_wconf 72' lang='lat' dir='ltr'><strong>aer-222</strong></span> 
     </span>
     <span class='ocr_line' id='line_1_8' title="bbox 1089 2079 1654 2188; baseline 0 -43"><span class='ocrx_word' id='word_1_53' title='bbox 1089 2080 1197 2146; x_wconf 47' lang='lat' dir='ltr'><strong>[brem</strong></span> <span class='ocrx_word' id='word_1_54' title='bbox 1211 2081 1338 2130; x_wconf 59' lang='lat' dir='ltr'><strong>&#39;’ucri-⁸</strong></span> <span class='ocrx_word' id='word_1_55' title='bbox 1350 2082 1440 2140; x_wconf 63' lang='lat' dir='ltr'><strong>neum,</strong></span> <span class='ocrx_word' id='word_1_56' title='bbox 1445 2079 1518 2188; x_wconf 50' lang='lat' dir='ltr'><strong>serra</strong></span> <span class='ocrx_word' id='word_1_57' title='bbox 1525 2093 1551 2146; x_wconf 82' lang='lat' dir='ltr'><strong>r·</strong></span> <span class='ocrx_word' id='word_1_58' title='bbox 1563 2083 1654 2145; x_wconf 63' lang='lat' dir='ltr'><strong>itin]</strong></span> 
     </span>
    </p>
   </div>
   <div class='ocr_carea' id='block_1_5' title="bbox 1228 2265 1514 2333">
    <p class='ocr_par' dir='ltr' id='par_1_5' title="bbox 1228 2265 1514 2333">
     <span class='ocr_line' id='line_1_9' title="bbox 1228 2265 1514 2333; baseline 0 -13"><span class='ocrx_word' id='word_1_59' title='bbox 1228 2265 1286 2320; x_wconf 80' lang='lat' dir='ltr'><strong>Lib.</strong></span> <span class='ocrx_word' id='word_1_60' title='bbox 1302 2267 1336 2333; x_wconf 83' lang='lat' dir='ltr'><strong>Il,</strong></span> <span class='ocrx_word' id='word_1_61' title='bbox 1352 2283 1375 2320; x_wconf 87' lang='lat' dir='ltr'><strong>c.</strong></span> <span class='ocrx_word' id='word_1_62' title='bbox 1388 2286 1432 2333; x_wconf 86' lang='lat'><strong>40,</strong></span> <span class='ocrx_word' id='word_1_63' title='bbox 1445 2280 1474 2320; x_wconf 76' lang='grc' dir='ltr'><strong>ηο</strong></span> <span class='ocrx_word' id='word_1_64' title='bbox 1489 2285 1514 2331; x_wconf 81' lang='lat'><strong>4.</strong></span> 
     </span>
    </p>
   </div>
   <div class='ocr_carea' id='block_1_6' title="bbox 860 2396 1882 2574">
    <p class='ocr_par' dir='ltr' id='par_1_6' title="bbox 860 2396 1882 2574">
     <span class='ocr_line' id='line_1_10' title="bbox 860 2396 1882 2486; baseline -0.001 -25"><span class='ocrx_word' id='word_1_65' title='bbox 860 2398 908 2461; x_wconf 85' lang='lat' dir='ltr'><strong>Dc</strong></span> <span class='ocrx_word' id='word_1_66' title='bbox 927 2397 982 2460; x_wconf 84' lang='lat' dir='ltr'><strong>alio</strong></span> <span class='ocrx_word' id='word_1_67' title='bbox 996 2397 1062 2459; x_wconf 85' lang='lat' dir='ltr'><strong>viro</strong></span> <span class='ocrx_word' id='word_1_68' title='bbox 1072 2396 1175 2486; x_wconf 66' lang='lat' dir='ltr'><strong>santio</strong></span> <span class='ocrx_word' id='word_1_69' title='bbox 1188 2419 1221 2458; x_wconf 81' lang='lat' dir='ltr'><strong>ex</strong></span> <span class='ocrx_word' id='word_1_70' title='bbox 1234 2397 1397 2462; x_wconf 82' lang='lat' dir='ltr'><strong>Brabantia</strong></span> <span class='ocrx_word' id='word_1_71' title='bbox 1412 2421 1470 2461; x_wconf 84' lang='lat' dir='ltr'><strong>una</strong></span> <span class='ocrx_word' id='word_1_72' title='bbox 1483 2409 1555 2460; x_wconf 65' lang='lat' dir='ltr'><strong>node</strong></span> <span class='ocrx_word' id='word_1_73' title='bbox 1576 2399 1620 2461; x_wconf 84' lang='lat' dir='ltr'><strong>ad</strong></span> <span class='ocrx_word' id='word_1_74' title='bbox 1633 2413 1740 2462; x_wconf 84' lang='lat' dir='ltr'><strong>terram</strong></span> <span class='ocrx_word' id='word_1_75' title='bbox 1746 2397 1882 2484; x_wconf 72' lang='lat' dir='ltr'><strong>sorellam</strong></span> 
     </span>
     <span class='ocr_line' id='line_1_11' title="bbox 1223 2487 1527 2574; baseline -0.007 -25"><span class='ocrx_word' id='word_1_76' title='bbox 1223 2487 1260 2549; x_wconf 82' lang='lat' dir='ltr'><strong>ab</strong></span> <span class='ocrx_word' id='word_1_77' title='bbox 1273 2487 1369 2568; x_wconf 81' lang='lat' dir='ltr'><strong>angelo</strong></span> <span class='ocrx_word' id='word_1_78' title='bbox 1383 2489 1527 2574; x_wconf 78' lang='lat' dir='ltr'><strong>translato.</strong></span> 
     </span>
    </p>
   </div>
   <div class='ocr_carea' id='block_1_7' title="bbox 761 2656 1976 4858">
    <p class='ocr_par' dir='ltr' id='par_1_7' title="bbox 789 2656 1976 3709">
     <span class='ocr_line' id='line_1_12' title="bbox 789 2656 1976 2743; baseline 0.002 -22"><span class='ocrx_word' id='word_1_79' title='bbox 789 2686 847 2735; x_wconf 69' lang='grc' dir='ltr'><strong>ηις</strong></span> <span class='ocrx_word' id='word_1_80' title='bbox 900 2657 945 2720; x_wconf 87' lang='lat' dir='ltr'><strong>At</strong></span> <span class='ocrx_word' id='word_1_81' title='bbox 958 2660 1105 2741; x_wconf 89' lang='lat' dir='ltr'><strong>quoniam</strong></span> <span class='ocrx_word' id='word_1_82' title='bbox 1119 2660 1150 2722; x_wconf 91' lang='lat' dir='ltr'><strong>in</strong></span> <span class='ocrx_word' id='word_1_83' title='bbox 1165 2660 1292 2721; x_wconf 89' lang='lat' dir='ltr'><strong>dubium</strong></span> <span class='ocrx_word' id='word_1_84' title='bbox 1301 2660 1436 2742; x_wconf 87' lang='lat' dir='ltr'><strong>pluribus</strong></span> <span class='ocrx_word' id='word_1_85' title='bbox 1450 2661 1553 2723; x_wconf 88' lang='lat' dir='ltr'><strong>venire</strong></span> <span class='ocrx_word' id='word_1_86' title='bbox 1568 2656 1674 2742; x_wconf 87' lang='lat' dir='ltr'><strong>pulset,</strong></span> <span class='ocrx_word' id='word_1_87' title='bbox 1688 2658 1817 2743; x_wconf 78' lang='lat' dir='ltr'><strong>qualiter</strong></span> <span class='ocrx_word' id='word_1_88' title='bbox 1830 2658 1882 2723; x_wconf 87' lang='lat' dir='ltr'><strong>sub</strong></span> <span class='ocrx_word' id='word_1_89' title='bbox 1896 2691 1918 2736; x_wconf 74' lang='lat' dir='ltr'><strong>p.</strong></span> <span class='ocrx_word' id='word_1_90' title='bbox 1929 2685 1976 2732; x_wconf 78' lang='lat'><strong>402</strong></span> 
     </span>
     <span class='ocr_line' id='line_1_13' title="bbox 860 2746 1883 2831; baseline 0.002 -23"><span class='ocrx_word' id='word_1_91' title='bbox 860 2759 923 2808; x_wconf 92' lang='lat' dir='ltr'><strong>tam</strong></span> <span class='ocrx_word' id='word_1_92' title='bbox 937 2746 1019 2810; x_wconf 86' lang='lat' dir='ltr'><strong>brevi</strong></span> <span class='ocrx_word' id='word_1_93' title='bbox 1035 2748 1182 2830; x_wconf 91' lang='lat' dir='ltr'><strong>temporis</strong></span> <span class='ocrx_word' id='word_1_94' title='bbox 1196 2747 1306 2830; x_wconf 87' lang='lat' dir='ltr'><strong>spacio,</strong></span> <span class='ocrx_word' id='word_1_95' title='bbox 1323 2748 1352 2810; x_wconf 90' lang='lat' dir='ltr'><strong>iu</strong></span> <span class='ocrx_word' id='word_1_96' title='bbox 1367 2747 1448 2830; x_wconf 85' lang='lat' dir='ltr'><strong>gravi</strong></span> <span class='ocrx_word' id='word_1_97' title='bbox 1464 2769 1604 2829; x_wconf 91' lang='lat' dir='ltr'><strong>corpore,</strong></span> <span class='ocrx_word' id='word_1_98' title='bbox 1618 2769 1672 2831; x_wconf 87' lang='lat' dir='ltr'><strong>per</strong></span> <span class='ocrx_word' id='word_1_99' title='bbox 1687 2763 1734 2810; x_wconf 93' lang='lat' dir='ltr'><strong>tot</strong></span> <span class='ocrx_word' id='word_1_100' title='bbox 1748 2747 1883 2810; x_wconf 83' lang='lat' dir='ltr'><strong>maris&amp;</strong></span> 
     </span>
     <span class='ocr_line' id='line_1_14' title="bbox 860 2831 1883 2917; baseline -0.001 -22"><span class='ocrx_word' id='word_1_101' title='bbox 860 2847 939 2896; x_wconf 91' lang='lat' dir='ltr'><strong>terre</strong></span> <span class='ocrx_word' id='word_1_102' title='bbox 953 2833 1077 2912; x_wconf 74' lang='lat' dir='ltr'><strong>trabius,</strong></span> <span class='ocrx_word' id='word_1_103' title='bbox 1090 2833 1140 2896; x_wconf 93' lang='lat' dir='ltr'><strong>hic</strong></span> <span class='ocrx_word' id='word_1_104' title='bbox 1161 2832 1281 2898; x_wconf 76' lang='lat' dir='ltr'><strong>transire</strong></span> <span class='ocrx_word' id='word_1_105' title='bbox 1303 2831 1398 2917; x_wconf 85' lang='lat' dir='ltr'><strong>pollet</strong></span> <span class='ocrx_word' id='word_1_106' title='bbox 1413 2854 1420 2896; x_wconf 91' lang='lat'>:</span> <span class='ocrx_word' id='word_1_107' title='bbox 1435 2850 1565 2916; x_wconf 88' lang='lat' dir='ltr'><strong>excepto</strong></span> <span class='ocrx_word' id='word_1_108' title='bbox 1582 2834 1716 2896; x_wconf 86' lang='lat' dir='ltr'><strong>evidenti</strong></span> <span class='ocrx_word' id='word_1_109' title='bbox 1741 2832 1883 2916; x_wconf 89' lang='lat' dir='ltr'><strong>exemplo</strong></span> 
     </span>
     <span class='ocr_line' id='line_1_15' title="bbox 859 2919 1882 3006; baseline 0 -23"><span class='ocrx_word' id='word_1_110' title='bbox 859 2919 999 3000; x_wconf 76' lang='lat' dir='ltr'><strong>Abacuc,</strong></span> <span class='ocrx_word' id='word_1_111' title='bbox 1018 2942 1073 3002; x_wconf 90' lang='lat' dir='ltr'><strong>per</strong></span> <span class='ocrx_word' id='word_1_112' title='bbox 1097 2941 1220 3003; x_wconf 89' lang='lat' dir='ltr'><strong>parvam</strong></span> <span class='ocrx_word' id='word_1_113' title='bbox 1241 2922 1300 2984; x_wconf 93' lang='lat' dir='ltr'><strong>diei</strong></span> <span class='ocrx_word' id='word_1_114' title='bbox 1322 2923 1430 2984; x_wconf 86' lang='lat' dir='ltr'><strong>horam</strong></span> <span class='ocrx_word' id='word_1_115' title='bbox 1453 2922 1485 2983; x_wconf 93' lang='lat' dir='ltr'><strong>in</strong></span> <span class='ocrx_word' id='word_1_116' title='bbox 1510 2920 1700 3006; x_wconf 85' lang='lat' dir='ltr'><strong>Babylonem</strong></span> <span class='ocrx_word' id='word_1_117' title='bbox 1723 2921 1761 2983; x_wconf 92' lang='lat' dir='ltr'><strong>de</strong></span> <span class='ocrx_word' id='word_1_118' title='bbox 1787 2919 1882 2983; x_wconf 86' lang='lat' dir='ltr'><strong>Iudea</strong></span> 
     </span>
     <span class='ocr_line' id='line_1_16' title="bbox 859 3007 1883 3093; baseline 0.002 -23"><span class='ocrx_word' id='word_1_119' title='bbox 859 3007 986 3071; x_wconf 80' lang='lat' dir='ltr'><strong>transsati</strong></span> <span class='ocrx_word' id='word_1_120' title='bbox 1002 3031 1009 3072; x_wconf 90' lang='lat'>:</span> <span class='ocrx_word' id='word_1_121' title='bbox 1025 3009 1208 3073; x_wconf 85' lang='lat' dir='ltr'><strong>miraculum</strong></span> <span class='ocrx_word' id='word_1_122' title='bbox 1222 3009 1377 3074; x_wconf 86' lang='lat' dir='ltr'><strong>confimile</strong></span> <span class='ocrx_word' id='word_1_123' title='bbox 1398 3014 1480 3093; x_wconf 88' lang='lat' dir='ltr'><strong>quod</strong></span> <span class='ocrx_word' id='word_1_124' title='bbox 1496 3010 1603 3073; x_wconf 84' lang='lat' dir='ltr'><strong>diebus</strong></span> <span class='ocrx_word' id='word_1_125' title='bbox 1627 3007 1736 3072; x_wconf 85' lang='lat' dir='ltr'><strong>nostris</strong></span> <span class='ocrx_word' id='word_1_126' title='bbox 1757 3011 1788 3071; x_wconf 94' lang='lat' dir='ltr'><strong>in</strong></span> <span class='ocrx_word' id='word_1_127' title='bbox 1808 3007 1883 3072; x_wconf 91' lang='lat' dir='ltr'><strong>Bra·</strong></span> 
     </span>
     <span class='ocr_line' id='line_1_17' title="bbox 859 3093 1883 3182; baseline 0.001 -23"><span class='ocrx_word' id='word_1_128' title='bbox 859 3095 962 3160; x_wconf 87' lang='lat' dir='ltr'><strong>bantia</strong></span> <span class='ocrx_word' id='word_1_129' title='bbox 974 3098 1114 3182; x_wconf 89' lang='lat' dir='ltr'><strong>contigit,</strong></span> <span class='ocrx_word' id='word_1_130' title='bbox 1134 3100 1218 3182; x_wconf 93' lang='lat' dir='ltr'><strong>quod</strong></span> <span class='ocrx_word' id='word_1_131' title='bbox 1233 3097 1319 3177; x_wconf 89' lang='lat' dir='ltr'><strong>nulli,</strong></span> <span class='ocrx_word' id='word_1_132' title='bbox 1333 3099 1385 3181; x_wconf 92' lang='lat' dir='ltr'><strong>qui</strong></span> <span class='ocrx_word' id='word_1_133' title='bbox 1400 3098 1557 3160; x_wconf 91' lang='lat' dir='ltr'><strong>hominem</strong></span> <span class='ocrx_word' id='word_1_134' title='bbox 1572 3097 1670 3176; x_wconf 90' lang='lat' dir='ltr'><strong>novit,</strong></span> <span class='ocrx_word' id='word_1_135' title='bbox 1683 3095 1810 3158; x_wconf 92' lang='lat' dir='ltr'><strong>dubium</strong></span> <span class='ocrx_word' id='word_1_136' title='bbox 1823 3093 1883 3161; x_wconf 82' lang='lat' dir='ltr'><strong>effe</strong></span> 
     </span>
     <span class='ocr_line' id='line_1_18' title="bbox 859 3184 1880 3266; baseline 0 -20"><span class='ocrx_word' id='word_1_137' title='bbox 859 3187 969 3266; x_wconf 87' lang='lat' dir='ltr'><strong>potuit,</strong></span> <span class='ocrx_word' id='word_1_138' title='bbox 994 3185 1167 3251; x_wconf 78' lang='lat' dir='ltr'><strong>referamus.</strong></span> <span class='ocrx_word' id='word_1_139' title='bbox 1192 3189 1288 3250; x_wconf 89' lang='lat' dir='ltr'><strong>Anno</strong></span> <span class='ocrx_word' id='word_1_140' title='bbox 1311 3188 1434 3250; x_wconf 85' lang='lat' dir='ltr'><strong>circiter</strong></span> <span class='ocrx_word' id='word_1_141' title='bbox 1459 3187 1496 3249; x_wconf 91' lang='lat' dir='ltr'><strong>ab</strong></span> <span class='ocrx_word' id='word_1_142' title='bbox 1520 3187 1728 3249; x_wconf 84' lang='lat' dir='ltr'><strong>incarnatione</strong></span> <span class='ocrx_word' id='word_1_143' title='bbox 1750 3184 1880 3249; x_wconf 88' lang='lat' dir='ltr'><strong>Domini</strong></span> 
     </span>
     <span class='ocr_line' id='line_1_19' title="bbox 862 3270 1881 3359; baseline 0.003 -24"><span class='ocrx_word' id='word_1_144' title='bbox 862 3270 1055 3354; x_wconf 89' lang='lat' dir='ltr'><strong>MCCXlll,</strong></span> <span class='ocrx_word' id='word_1_145' title='bbox 1068 3296 1140 3337; x_wconf 94' lang='lat' dir='ltr'><strong>cum</strong></span> <span class='ocrx_word' id='word_1_146' title='bbox 1154 3297 1229 3338; x_wconf 87' lang='lat' dir='ltr'><strong>crux</strong></span> <span class='ocrx_word' id='word_1_147' title='bbox 1239 3275 1434 3338; x_wconf 87' lang='lat' dir='ltr'><strong>transmarina</strong></span> <span class='ocrx_word' id='word_1_148' title='bbox 1449 3275 1561 3359; x_wconf 78' lang='lat' dir='ltr'><strong>ubique</strong></span> <span class='ocrx_word' id='word_1_149' title='bbox 1575 3277 1638 3338; x_wconf 87' lang='lat' dir='ltr'><strong>fere</strong></span> <span class='ocrx_word' id='word_1_150' title='bbox 1653 3291 1798 3336; x_wconf 87' lang='lat' dir='ltr'><strong>terrarum</strong></span> <span class='ocrx_word' id='word_1_151' title='bbox 1813 3296 1881 3357; x_wconf 88' lang='lat' dir='ltr'><strong>pre-</strong></span> 
     </span>
     <span class='ocr_line' id='line_1_20' title="bbox 860 3359 1882 3446; baseline 0.002 -24"><span class='ocrx_word' id='word_1_152' title='bbox 860 3359 1022 3441; x_wconf 91' lang='lat' dir='ltr'><strong>dicaretur,</strong></span> <span class='ocrx_word' id='word_1_153' title='bbox 1035 3378 1100 3426; x_wconf 89' lang='lat' dir='ltr'><strong>erat</strong></span> <span class='ocrx_word' id='word_1_154' title='bbox 1122 3365 1167 3426; x_wconf 88' lang='lat' dir='ltr'><strong>vir</strong></span> <span class='ocrx_word' id='word_1_155' title='bbox 1190 3365 1222 3426; x_wconf 89' lang='lat' dir='ltr'><strong>in</strong></span> <span class='ocrx_word' id='word_1_156' title='bbox 1247 3362 1409 3427; x_wconf 76' lang='lat' dir='ltr'><strong>brabantia</strong></span> <span class='ocrx_word' id='word_1_157' title='bbox 1422 3361 1627 3426; x_wconf 86' lang='lat' dir='ltr'><strong>inestimabilis</strong></span> <span class='ocrx_word' id='word_1_158' title='bbox 1642 3361 1816 3440; x_wconf 73' lang='lat' dir='ltr'><strong>sanblitatis,</strong></span> <span class='ocrx_word' id='word_1_159' title='bbox 1830 3364 1882 3446; x_wconf 91' lang='lat' dir='ltr'><strong>qui</strong></span> 
     </span>
     <span class='ocr_line' id='line_1_21' title="bbox 859 3446 1884 3534; baseline 0.003 -25"><span class='ocrx_word' id='word_1_160' title='bbox 859 3446 1037 3511; x_wconf 76' lang='lat' dir='ltr'><strong>desiderium</strong></span> <span class='ocrx_word' id='word_1_161' title='bbox 1051 3451 1177 3534; x_wconf 87' lang='lat' dir='ltr'><strong>quidem</strong></span> <span class='ocrx_word' id='word_1_162' title='bbox 1191 3451 1317 3533; x_wconf 90' lang='lat' dir='ltr'><strong>longum</strong></span> <span class='ocrx_word' id='word_1_163' title='bbox 1331 3450 1486 3528; x_wconf 87' lang='lat' dir='ltr'><strong>habuerat,</strong></span> <span class='ocrx_word' id='word_1_164' title='bbox 1497 3466 1617 3530; x_wconf 89' lang='lat' dir='ltr'><strong>terram,</strong></span> <span class='ocrx_word' id='word_1_165' title='bbox 1632 3451 1661 3512; x_wconf 94' lang='lat' dir='ltr'><strong>in</strong></span> <span class='ocrx_word' id='word_1_166' title='bbox 1677 3471 1737 3532; x_wconf 93' lang='lat' dir='ltr'><strong>qua</strong></span> <span class='ocrx_word' id='word_1_167' title='bbox 1747 3449 1884 3512; x_wconf 79' lang='lat' dir='ltr'><strong>deterant</strong></span> 
     </span>
     <span class='ocr_line' id='line_1_22' title="bbox 860 3534 1884 3623; baseline 0.001 -25"><span class='ocrx_word' id='word_1_168' title='bbox 860 3534 952 3617; x_wconf 86' lang='lat' dir='ltr'><strong>pedes</strong></span> <span class='ocrx_word' id='word_1_169' title='bbox 972 3536 1096 3618; x_wconf 88' lang='lat' dir='ltr'><strong>Christi,</strong></span> <span class='ocrx_word' id='word_1_170' title='bbox 1110 3540 1287 3623; x_wconf 87' lang='lat' dir='ltr'><strong>peregrinus</strong></span> <span class='ocrx_word' id='word_1_171' title='bbox 1301 3538 1425 3600; x_wconf 90' lang='lat' dir='ltr'><strong>invisere</strong></span> <span class='ocrx_word' id='word_1_172' title='bbox 1440 3560 1447 3600; x_wconf 77' lang='grc' dir='ltr'>ε</span> <span class='ocrx_word' id='word_1_173' title='bbox 1463 3538 1511 3602; x_wconf 88' lang='lat' dir='ltr'><strong>sed</strong></span> <span class='ocrx_word' id='word_1_174' title='bbox 1537 3538 1680 3603; x_wconf 91' lang='lat' dir='ltr'><strong>retardari</strong></span> <span class='ocrx_word' id='word_1_175' title='bbox 1705 3558 1723 3599; x_wconf 94' lang='lat' dir='ltr'><strong>a</strong></span> <span class='ocrx_word' id='word_1_176' title='bbox 1744 3554 1884 3600; x_wconf 90' lang='lat' dir='ltr'><strong>contem·</strong></span> 
     </span>
     <span class='ocr_line' id='line_1_23' title="bbox 860 3621 1973 3709; baseline 0.004 -24"><span class='ocrx_word' id='word_1_177' title='bbox 860 3621 995 3706; x_wconf 83' lang='lat' dir='ltr'><strong>piatione</strong></span> <span class='ocrx_word' id='word_1_178' title='bbox 1010 3627 1122 3707; x_wconf 82' lang='lat' dir='ltr'><strong>divina,</strong></span> <span class='ocrx_word' id='word_1_179' title='bbox 1136 3629 1167 3690; x_wconf 92' lang='lat' dir='ltr'><strong>in</strong></span> <span class='ocrx_word' id='word_1_180' title='bbox 1181 3626 1331 3709; x_wconf 83' lang='lat' dir='ltr'><strong>corporali</strong></span> <span class='ocrx_word' id='word_1_181' title='bbox 1348 3628 1492 3690; x_wconf 85' lang='lat' dir='ltr'><strong>exercitio</strong></span> <span class='ocrx_word' id='word_1_182' title='bbox 1513 3626 1681 3690; x_wconf 84' lang='lat' dir='ltr'><strong>verebatur.</strong></span> <span class='ocrx_word' id='word_1_183' title='bbox 1696 3623 1732 3687; x_wconf 93' lang='lat' dir='ltr'><strong>In</strong></span> <span class='ocrx_word' id='word_1_184' title='bbox 1745 3627 1881 3689; x_wconf 89' lang='lat' dir='ltr'><strong>oratione</strong></span> <span class='ocrx_word' id='word_1_185' title='bbox 1897 3661 1917 3706; x_wconf 79' lang='lat' dir='ltr'><strong>p.</strong></span> <span class='ocrx_word' id='word_1_186' title='bbox 1928 3656 1973 3705; x_wconf 81' lang='lat'><strong>403</strong></span> 
     </span>
    </p>

    <p class='ocr_par' dir='ltr' id='par_1_8' title="bbox 761 3713 1884 4858">
     <span class='ocr_line' id='line_1_24' title="bbox 761 3713 1884 3798; baseline -0.002 -20"><span class='ocrx_word' id='word_1_187' title='bbox 761 3731 843 3793; x_wconf 78' lang='lat' dir='ltr'><strong>1ut31</strong></span> <span class='ocrx_word' id='word_1_188' title='bbox 859 3728 961 3774; x_wconf 88' lang='lat' dir='ltr'><strong>autem</strong></span> <span class='ocrx_word' id='word_1_189' title='bbox 982 3713 1119 3778; x_wconf 86' lang='lat' dir='ltr'><strong>existenti</strong></span> <span class='ocrx_word' id='word_1_190' title='bbox 1134 3716 1165 3778; x_wconf 90' lang='lat' dir='ltr'><strong>in</strong></span> <span class='ocrx_word' id='word_1_191' title='bbox 1180 3715 1282 3798; x_wconf 89' lang='lat' dir='ltr'><strong>vigilia</strong></span> <span class='ocrx_word' id='word_1_192' title='bbox 1296 3713 1387 3778; x_wconf 59' lang='lat' dir='ltr'><strong>saneti</strong></span> <span class='ocrx_word' id='word_1_193' title='bbox 1403 3713 1483 3777; x_wconf 89' lang='lat' dir='ltr'><strong>Petri</strong></span> <span class='ocrx_word' id='word_1_194' title='bbox 1509 3714 1546 3777; x_wconf 91' lang='lat' dir='ltr'><strong>ad</strong></span> <span class='ocrx_word' id='word_1_195' title='bbox 1569 3715 1701 3794; x_wconf 89' lang='lat' dir='ltr'><strong>vincula,</strong></span> <span class='ocrx_word' id='word_1_196' title='bbox 1714 3713 1814 3777; x_wconf 91' lang='lat' dir='ltr'><strong>clauso</strong></span> <span class='ocrx_word' id='word_1_197' title='bbox 1829 3735 1884 3776; x_wconf 91' lang='lat' dir='ltr'><strong>cu·</strong></span> 
     </span>
     <span class='ocr_line' id='line_1_25' title="bbox 858 3801 1884 3886; baseline 0.003 -24"><span class='ocrx_word' id='word_1_198' title='bbox 858 3801 973 3880; x_wconf 91' lang='lat' dir='ltr'><strong>biculo,</strong></span> <span class='ocrx_word' id='word_1_199' title='bbox 986 3801 1078 3864; x_wconf 89' lang='lat' dir='ltr'><strong>astitit</strong></span> <span class='ocrx_word' id='word_1_200' title='bbox 1091 3801 1134 3864; x_wconf 92' lang='lat' dir='ltr'><strong>illi</strong></span> <span class='ocrx_word' id='word_1_201' title='bbox 1152 3824 1224 3865; x_wconf 88' lang='lat' dir='ltr'><strong>cum</strong></span> <span class='ocrx_word' id='word_1_202' title='bbox 1238 3803 1353 3886; x_wconf 84' lang='lat' dir='ltr'><strong>ingenti</strong></span> <span class='ocrx_word' id='word_1_203' title='bbox 1368 3802 1484 3865; x_wconf 86' lang='lat' dir='ltr'><strong>lumine</strong></span> <span class='ocrx_word' id='word_1_204' title='bbox 1500 3804 1574 3884; x_wconf 84' lang='lat' dir='ltr'><strong>(erat</strong></span> <span class='ocrx_word' id='word_1_205' title='bbox 1593 3804 1676 3867; x_wconf 89' lang='lat' dir='ltr'><strong>enim</strong></span> <span class='ocrx_word' id='word_1_206' title='bbox 1697 3805 1771 3884; x_wconf 88' lang='lat' dir='ltr'><strong>nox)</strong></span> <span class='ocrx_word' id='word_1_207' title='bbox 1792 3824 1884 3886; x_wconf 89' lang='lat' dir='ltr'><strong>ange-</strong></span> 
     </span>
     <span class='ocr_line' id='line_1_26' title="bbox 859 3889 1883 3974; baseline 0.004 -24"><span class='ocrx_word' id='word_1_208' title='bbox 859 3889 905 3952; x_wconf 80' lang='lat' dir='ltr'><strong>lus</strong></span> <span class='ocrx_word' id='word_1_209' title='bbox 916 3889 991 3969; x_wconf 90' lang='lat' dir='ltr'><strong>Dei,</strong></span> <span class='ocrx_word' id='word_1_210' title='bbox 1002 3891 1118 3955; x_wconf 87' lang='lat' dir='ltr'><strong>dicens:</strong></span> <span class='ocrx_word' id='word_1_211' title='bbox 1133 3916 1146 3950; x_wconf 76' lang='grc' dir='ltr'><strong><em>ι</em></strong></span> <span class='ocrx_word' id='word_1_212' title='bbox 1160 3891 1248 3956; x_wconf 90' lang='lat' dir='ltr'><strong>Vidit</strong></span> <span class='ocrx_word' id='word_1_213' title='bbox 1260 3891 1415 3954; x_wconf 88' lang='lat' dir='ltr'><strong>Dominus</strong></span> <span class='ocrx_word' id='word_1_214' title='bbox 1427 3893 1533 3974; x_wconf 88' lang='lat' dir='ltr'><strong>ingens</strong></span> <span class='ocrx_word' id='word_1_215' title='bbox 1548 3890 1729 3954; x_wconf 78' lang='lat' dir='ltr'><strong>desiderium</strong></span> <span class='ocrx_word' id='word_1_216' title='bbox 1741 3907 1838 3971; x_wconf 89' lang='lat' dir='ltr'><strong>tuum,</strong></span> <span class='ocrx_word' id='word_1_217' title='bbox 1852 3907 1883 3954; x_wconf 88' lang='lat' dir='ltr'><strong>te</strong></span> 
     </span>
     <span class='ocr_line' id='line_1_27' title="bbox 858 3977 1881 4058; baseline 0.004 -19"><span class='ocrx_word' id='word_1_218' title='bbox 858 3977 971 4041; x_wconf 87' lang='lat' dir='ltr'><strong>scilicet</strong></span> <span class='ocrx_word' id='word_1_219' title='bbox 993 3977 1072 4040; x_wconf 92' lang='lat' dir='ltr'><strong>velle</strong></span> <span class='ocrx_word' id='word_1_220' title='bbox 1087 3979 1213 4042; x_wconf 90' lang='lat' dir='ltr'><strong>invisere</strong></span> <span class='ocrx_word' id='word_1_221' title='bbox 1228 3995 1340 4042; x_wconf 89' lang='lat' dir='ltr'><strong>terram</strong></span> <span class='ocrx_word' id='word_1_222' title='bbox 1355 3980 1497 4058; x_wconf 70' lang='lat' dir='ltr'><strong>lanciam,</strong></span> <span class='ocrx_word' id='word_1_223' title='bbox 1511 3980 1541 4043; x_wconf 76' lang='grc' dir='ltr'><strong>δι</strong></span> <span class='ocrx_word' id='word_1_224' title='bbox 1555 4000 1637 4043; x_wconf 93' lang='lat' dir='ltr'><strong>nunc</strong></span> <span class='ocrx_word' id='word_1_225' title='bbox 1652 3980 1688 4040; x_wconf 91' lang='lat' dir='ltr'><strong>ad</strong></span> <span class='ocrx_word' id='word_1_226' title='bbox 1703 3980 1765 4042; x_wconf 92' lang='lat' dir='ltr'><strong>hoc</strong></span> <span class='ocrx_word' id='word_1_227' title='bbox 1779 3978 1881 4043; x_wconf 85' lang='lat' dir='ltr'><strong>millus</strong></span> 
     </span>
     <span class='ocr_line' id='line_1_28' title="bbox 858 4065 1881 4149; baseline 0.001 -21"><span class='ocrx_word' id='word_1_228' title='bbox 858 4067 923 4128; x_wconf 90' lang='lat' dir='ltr'><strong>sum</strong></span> <span class='ocrx_word' id='word_1_229' title='bbox 936 4067 973 4129; x_wconf 91' lang='lat' dir='ltr'><strong>ad</strong></span> <span class='ocrx_word' id='word_1_230' title='bbox 989 4082 1029 4145; x_wconf 92' lang='lat' dir='ltr'><strong>te,</strong></span> <span class='ocrx_word' id='word_1_231' title='bbox 1043 4083 1078 4129; x_wconf 90' lang='lat' dir='ltr'><strong>ut</strong></span> <span class='ocrx_word' id='word_1_232' title='bbox 1091 4065 1271 4132; x_wconf 84' lang='lat' dir='ltr'><strong>defiderium</strong></span> <span class='ocrx_word' id='word_1_233' title='bbox 1286 4082 1373 4129; x_wconf 90' lang='lat' dir='ltr'><strong>tuum</strong></span> <span class='ocrx_word' id='word_1_234' title='bbox 1386 4066 1587 4149; x_wconf 87' lang='lat' dir='ltr'><strong>compleatur.</strong></span> <span class='ocrx_word' id='word_1_235' title='bbox 1602 4090 1614 4123; x_wconf 65' lang='grc' dir='ltr'><strong>ι</strong></span> <span class='ocrx_word' id='word_1_236' title='bbox 1629 4065 1697 4130; x_wconf 90' lang='lat' dir='ltr'><strong>Hec</strong></span> <span class='ocrx_word' id='word_1_237' title='bbox 1708 4066 1813 4130; x_wconf 88' lang='lat' dir='ltr'><strong>dicens</strong></span> <span class='ocrx_word' id='word_1_238' title='bbox 1827 4089 1881 4129; x_wconf 94' lang='lat' dir='ltr'><strong>an·</strong></span> 
     </span>
     <span class='ocr_line' id='line_1_29' title="bbox 857 4154 1884 4238; baseline 0 -22"><span class='ocrx_word' id='word_1_239' title='bbox 857 4155 952 4238; x_wconf 78' lang='lat' dir='ltr'><strong>gelus,</strong></span> <span class='ocrx_word' id='word_1_240' title='bbox 967 4154 1124 4218; x_wconf 89' lang='lat' dir='ltr'><strong>hominem</strong></span> <span class='ocrx_word' id='word_1_241' title='bbox 1138 4154 1347 4238; x_wconf 83' lang='lat' dir='ltr'><strong>apprehendit,</strong></span> <span class='ocrx_word' id='word_1_242' title='bbox 1361 4154 1391 4218; x_wconf 81' lang='lat' dir='ltr'><strong>bt</strong></span> <span class='ocrx_word' id='word_1_243' title='bbox 1405 4156 1436 4217; x_wconf 94' lang='lat' dir='ltr'><strong>in</strong></span> <span class='ocrx_word' id='word_1_244' title='bbox 1451 4176 1511 4218; x_wconf 91' lang='lat' dir='ltr'><strong>una</strong></span> <span class='ocrx_word' id='word_1_245' title='bbox 1524 4155 1616 4217; x_wconf 74' lang='lat' dir='ltr'><strong>nobie</strong></span> <span class='ocrx_word' id='word_1_246' title='bbox 1637 4157 1672 4216; x_wconf 91' lang='lat' dir='ltr'><strong>ad</strong></span> <span class='ocrx_word' id='word_1_247' title='bbox 1698 4156 1802 4217; x_wconf 87' lang='lat' dir='ltr'><strong>omnia</strong></span> <span class='ocrx_word' id='word_1_248' title='bbox 1815 4154 1884 4217; x_wconf 92' lang='lat' dir='ltr'><strong>loca</strong></span> 
     </span>
     <span class='ocr_line' id='line_1_30' title="bbox 857 4241 1882 4326; baseline 0.001 -22"><span class='ocrx_word' id='word_1_249' title='bbox 857 4242 1032 4326; x_wconf 75' lang='lat' dir='ltr'><strong>spectabilia</strong></span> <span class='ocrx_word' id='word_1_250' title='bbox 1046 4259 1126 4306; x_wconf 86' lang='lat' dir='ltr'><strong>terre</strong></span> <span class='ocrx_word' id='word_1_251' title='bbox 1142 4243 1241 4307; x_wconf 72' lang='lat' dir='ltr'><strong>sancte</strong></span> <span class='ocrx_word' id='word_1_252' title='bbox 1255 4243 1415 4322; x_wconf 86' lang='lat' dir='ltr'><strong>transtulit,</strong></span> <span class='ocrx_word' id='word_1_253' title='bbox 1428 4241 1580 4306; x_wconf 82' lang='lat' dir='ltr'><strong>&amp;eadem</strong></span> <span class='ocrx_word' id='word_1_254' title='bbox 1593 4243 1685 4305; x_wconf 72' lang='lat' dir='ltr'><strong>noble</strong></span> <span class='ocrx_word' id='word_1_255' title='bbox 1699 4244 1810 4305; x_wconf 77' lang='lat' dir='ltr'><strong>retulit</strong></span> <span class='ocrx_word' id='word_1_256' title='bbox 1825 4242 1882 4305; x_wconf 91' lang='lat' dir='ltr'><strong>Vi-</strong></span> 
     </span>
     <span class='ocr_line' id='line_1_31' title="bbox 858 4331 1884 4414; baseline 0 -22"><span class='ocrx_word' id='word_1_257' title='bbox 858 4331 985 4394; x_wconf 90' lang='lat' dir='ltr'><strong>debatur</strong></span> <span class='ocrx_word' id='word_1_258' title='bbox 999 4347 1101 4394; x_wconf 90' lang='lat' dir='ltr'><strong>autem</strong></span> <span class='ocrx_word' id='word_1_259' title='bbox 1114 4332 1159 4394; x_wconf 92' lang='lat' dir='ltr'><strong>illi</strong></span> <span class='ocrx_word' id='word_1_260' title='bbox 1175 4333 1237 4414; x_wconf 88' lang='lat' dir='ltr'><strong>ipsa</strong></span> <span class='ocrx_word' id='word_1_261' title='bbox 1249 4354 1312 4395; x_wconf 92' lang='lat' dir='ltr'><strong>nox</strong></span> <span class='ocrx_word' id='word_1_262' title='bbox 1326 4333 1411 4396; x_wconf 90' lang='lat' dir='ltr'><strong>omni</strong></span> <span class='ocrx_word' id='word_1_263' title='bbox 1426 4333 1475 4393; x_wconf 88' lang='lat' dir='ltr'><strong>die</strong></span> <span class='ocrx_word' id='word_1_264' title='bbox 1486 4331 1627 4409; x_wconf 86' lang='lat' dir='ltr'><strong>lucidior,</strong></span> <span class='ocrx_word' id='word_1_265' title='bbox 1648 4332 1690 4393; x_wconf 89' lang='lat' dir='ltr'><strong>ita</strong></span> <span class='ocrx_word' id='word_1_266' title='bbox 1709 4332 1793 4412; x_wconf 89' lang='lat' dir='ltr'><strong>quod</strong></span> <span class='ocrx_word' id='word_1_267' title='bbox 1816 4352 1884 4393; x_wconf 94' lang='lat' dir='ltr'><strong>om-</strong></span> 
     </span>
     <span class='ocr_line' id='line_1_32' title="bbox 856 4417 1884 4504; baseline 0 -22"><span class='ocrx_word' id='word_1_268' title='bbox 856 4419 944 4482; x_wconf 89' lang='lat' dir='ltr'><strong>nium</strong></span> <span class='ocrx_word' id='word_1_269' title='bbox 957 4420 1117 4484; x_wconf 87' lang='lat' dir='ltr'><strong>civitatum</strong></span> <span class='ocrx_word' id='word_1_270' title='bbox 1136 4419 1251 4500; x_wconf 88' lang='lat' dir='ltr'><strong>Gallie,</strong></span> <span class='ocrx_word' id='word_1_271' title='bbox 1275 4420 1462 4504; x_wconf 83' lang='lat' dir='ltr'><strong>Burgtmdie,</strong></span> <span class='ocrx_word' id='word_1_272' title='bbox 1486 4419 1683 4497; x_wconf 91' lang='lat' dir='ltr'><strong>Lombardie,</strong></span> <span class='ocrx_word' id='word_1_273' title='bbox 1704 4417 1829 4498; x_wconf 88' lang='lat' dir='ltr'><strong>Tuscie,</strong></span> <span class='ocrx_word' id='word_1_274' title='bbox 1853 4417 1884 4482; x_wconf 80' lang='lat' dir='ltr'><strong>dt</strong></span> 
     </span>
     <span class='ocr_line' id='line_1_33' title="bbox 858 4506 1884 4592; baseline 0.001 -22"><span class='ocrx_word' id='word_1_275' title='bbox 858 4523 937 4572; x_wconf 89' lang='lat' dir='ltr'><strong>terre</strong></span> <span class='ocrx_word' id='word_1_276' title='bbox 949 4508 1048 4572; x_wconf 68' lang='lat' dir='ltr'><strong>sandte</strong></span> <span class='ocrx_word' id='word_1_277' title='bbox 1071 4509 1150 4590; x_wconf 93' lang='lat' dir='ltr'><strong>loca,</strong></span> <span class='ocrx_word' id='word_1_278' title='bbox 1165 4506 1383 4592; x_wconf 79' lang='lat' dir='ltr'><strong>disposrtionee,</strong></span> <span class='ocrx_word' id='word_1_279' title='bbox 1397 4509 1427 4572; x_wconf 76' lang='grc' dir='ltr'><strong>δι</strong></span> <span class='ocrx_word' id='word_1_280' title='bbox 1440 4508 1510 4572; x_wconf 77' lang='lat' dir='ltr'><strong>sutus</strong></span> <span class='ocrx_word' id='word_1_281' title='bbox 1524 4509 1581 4587; x_wconf 87' lang='lat' dir='ltr'><strong>his,</strong></span> <span class='ocrx_word' id='word_1_282' title='bbox 1596 4509 1647 4591; x_wconf 91' lang='lat' dir='ltr'><strong>qui</strong></span> <span class='ocrx_word' id='word_1_283' title='bbox 1673 4523 1767 4570; x_wconf 90' lang='lat' dir='ltr'><strong>terras</strong></span> <span class='ocrx_word' id='word_1_284' title='bbox 1788 4529 1884 4571; x_wconf 90' lang='lat' dir='ltr'><strong>nove·</strong></span> 
     </span>
     <span class='ocr_line' id='line_1_34' title="bbox 858 4595 1884 4681; baseline 0 -22"><span class='ocrx_word' id='word_1_285' title='bbox 858 4613 926 4659; x_wconf 86' lang='lat' dir='ltr'><strong>rant</strong></span> <span class='ocrx_word' id='word_1_286' title='bbox 950 4597 1159 4679; x_wconf 88' lang='lat' dir='ltr'><strong>propriiffime,</strong></span> <span class='ocrx_word' id='word_1_287' title='bbox 1183 4598 1359 4681; x_wconf 78' lang='lat' dir='ltr'><strong>designaret.</strong></span> <span class='ocrx_word' id='word_1_288' title='bbox 1382 4595 1579 4660; x_wconf 88' lang='lat' dir='ltr'><strong>Postmodum</strong></span> <span class='ocrx_word' id='word_1_289' title='bbox 1593 4617 1666 4659; x_wconf 90' lang='lat' dir='ltr'><strong>vero</strong></span> <span class='ocrx_word' id='word_1_290' title='bbox 1692 4595 1807 4658; x_wconf 74' lang='lat' dir='ltr'><strong>fabium</strong></span> <span class='ocrx_word' id='word_1_291' title='bbox 1831 4595 1884 4675; x_wconf 88' lang='lat' dir='ltr'><strong>est,</strong></span> 
     </span>
     <span class='ocr_line' id='line_1_35' title="bbox 857 4686 1882 4770; baseline -0.001 -23"><span class='ocrx_word' id='word_1_292' title='bbox 857 4701 892 4747; x_wconf 90' lang='lat' dir='ltr'><strong>ut</strong></span> <span class='ocrx_word' id='word_1_293' title='bbox 905 4686 1027 4748; x_wconf 85' lang='lat' dir='ltr'><strong>hortatu</strong></span> <span class='ocrx_word' id='word_1_294' title='bbox 1044 4686 1247 4769; x_wconf 88' lang='lat' dir='ltr'><strong>quorumdam</strong></span> <span class='ocrx_word' id='word_1_295' title='bbox 1261 4688 1445 4751; x_wconf 89' lang='lat' dir='ltr'><strong>devotorum</strong></span> <span class='ocrx_word' id='word_1_296' title='bbox 1459 4689 1606 4767; x_wconf 88' lang='lat' dir='ltr'><strong>virorum,</strong></span> <span class='ocrx_word' id='word_1_297' title='bbox 1627 4688 1737 4770; x_wconf 91' lang='lat' dir='ltr'><strong>quibus</strong></span> <span class='ocrx_word' id='word_1_298' title='bbox 1752 4686 1811 4748; x_wconf 93' lang='lat' dir='ltr'><strong>hoc</strong></span> <span class='ocrx_word' id='word_1_299' title='bbox 1832 4705 1882 4746; x_wconf 91' lang='lat' dir='ltr'><strong>ne-</strong></span> 
     </span>
     <span class='ocr_line' id='line_1_36' title="bbox 856 4773 1882 4858; baseline -0.001 -22"><span class='ocrx_word' id='word_1_300' title='bbox 856 4794 929 4858; x_wconf 85' lang='lat' dir='ltr'><strong>gare</strong></span> <span class='ocrx_word' id='word_1_301' title='bbox 942 4794 1006 4837; x_wconf 88' lang='lat' dir='ltr'><strong>non</strong></span> <span class='ocrx_word' id='word_1_302' title='bbox 1021 4789 1149 4856; x_wconf 79' lang='lat' dir='ltr'><strong>poterat,</strong></span> <span class='ocrx_word' id='word_1_303' title='bbox 1159 4796 1231 4838; x_wconf 91' lang='lat' dir='ltr'><strong>cum</strong></span> <span class='ocrx_word' id='word_1_304' title='bbox 1245 4774 1305 4840; x_wconf 83' lang='lat' dir='ltr'><strong>illie</strong></span> <span class='ocrx_word' id='word_1_305' title='bbox 1319 4796 1445 4840; x_wconf 88' lang='lat' dir='ltr'><strong>crucem</strong></span> <span class='ocrx_word' id='word_1_306' title='bbox 1459 4775 1670 4858; x_wconf 60' lang='lat' dir='ltr'><strong>susciperea&amp;</strong></span> <span class='ocrx_word' id='word_1_307' title='bbox 1688 4795 1797 4839; x_wconf 89' lang='lat' dir='ltr'><strong>eorum</strong></span> <span class='ocrx_word' id='word_1_308' title='bbox 1821 4773 1882 4836; x_wconf 88' lang='lat' dir='ltr'><strong>dux</strong></span> 
     </span>
    </p>
   </div>
   <div class='ocr_carea' id='block_1_8' title="bbox 0 0 2186 6560">
    <p class='ocr_par' dir='ltr' id='par_1_9' title="bbox 0 0 2186 6560">
     <span class='ocr_line' id='line_1_37' title="bbox 0 0 2186 6560; baseline 0 2"><span class='ocrx_word' id='word_1_309' title='bbox 0 0 2186 6560; x_wconf 95' lang='lat' dir='ltr'><strong> </strong></span> 
     </span>
    </p>
   </div>
  </div>
 </body>
</html>
