4110 6594
294 1013 300 1022 '
344 1034 419 1128 η)
433 1003 512 1096 bis.
536 1000 789 1129 Liberfuud.
811 1006 972 1134 monast.
992 1004 1221 1127 Zwerlenfi
1243 1036 1322 1129 34)

354 1265 702 1350 Addiditquedeverose
713 1265 796 1344 scire,
806 1266 877 1349 quia
886 1286 957 1328 cum
966 1266 1155 1328 monacbisui
1167 1268 1198 1328 in
1209 1267 1331 1331 Zwetla
1346 1285 1404 1332 1²17

316 1356 352 1416 ad
368 1355 530 1418 matutinas
554 1353 673 1438 surgere
686 1354 766 1416 circa
780 1354 915 1415 medium
925 1353 1024 1418 noetis
1039 1355 1206 1436 inciperent
1227 1355 1258 1418 bt
1274 1376 1330 1437 pro

314 1463 352 1504 eo
363 1443 400 1505 ad
416 1441 588 1505 Dominum
602 1441 825 1504 intercederent
843 1461 923 1503 mare
938 1462 955 1503 a
969 1442 1091 1504 fremitu
1113 1441 1332 1524 &tempestate

315 1527 440 1592 cessaret
452 1529 482 1592 &
496 1549 548 1591 eos
563 1529 645 1592 abire
659 1530 855 1610 permitteret,
868 1550 925 1592 nec
946 1529 1101 1594 frustratus
1117 1550 1133 1591 a
1147 1529 1196 1613 spe
1210 1530 1270 1610 sua,
1283 1530 1330 1593 sed

314 1616 389 1681 srcut
402 1617 444 1680 est
457 1617 577 1680 locutus
588 1615 628 1679 sic
642 1618 724 1679 circa
737 1617 872 1679 medium
884 1617 982 1680 nosiis
993 1615 1119 1680 effeetus
1133 1619 1276 1682 orationis
1290 1618 1332 1681 est

314 1726 385 1768 eum
399 1705 627 1769 misericorditer
642 1705 823 1790 prosecutus.
839 1703 992 1788 Fassaque
1003 1704 1220 1789 tranquillitate
1230 1707 1332 1768 navim

314 1793 446 1856 ascendit
463 1793 544 1856 &sle
567 1792 665 1856 versus
678 1789 885 1855 lerosolimam
907 1792 1011 1855 tendit.
1034 1791 1059 1855 F
1061 1793 1161 1854 abtum
1175 1792 1218 1855 est
1231 1809 1331 1856 autem

314 1902 385 1944 cum
413 1882 443 1943 in
471 1882 672 1944 transmarinis
705 1880 838 1965 partibus
862 1879 942 1958 esset,
972 1879 1054 1963 quod
1076 1881 1221 1964 inciperet
1245 1902 1332 1965 egro·

316 1985 380 2033 tare
394 1969 424 2032 δι
441 1970 559 2032 beatam
576 1969 733 2052 Virginem
748 1971 890 2030 invocare
904 1967 934 2030 dt
948 1966 1020 2030 Deo
1029 1968 1160 2031 animam
1171 1968 1251 2031 suam
1265 1990 1332 2032 ora-

314 2057 447 2120 tionibus
475 2056 697 2120 commendare.
716 2055 798 2120 Cum
815 2072 917 2119 autem
943 2053 1018 2118 sicut
1041 2055 1139 2120 bonus
1164 2056 1332 2122 catholicus

316 2145 497 2208 sacramenta
514 2144 709 2207 ecclesiastica
723 2141 943 2226 percepisset&
957 2144 995 2205 de
1009 2143 1118 2206 ollibus
1132 2145 1162 2204 in
1180 2143 1332 2208 Zwetlam

314 2231 493 2295 reducendis
507 2229 582 2294 sicut
595 2231 702 2312 loseph
717 2231 887 2312 patriarcba
901 2229 1064 2292 mandasset
1077 2231 1108 2292 in
1126 2231 1229 2314 vigilia
1244 2233 1331 2295 beate

315 2317 415 2382 Marie
430 2317 614 2403 Magdalene
633 2317 703 2381 Deo
718 2317 848 2380 &beate
864 2317 967 2380 Marie
977 2317 1083 2400 virgini
1098 2315 1183 2378 suum
1197 2316 1331 2402 spiritum

312 2406 547 2486 commendavit,
560 2404 661 2490 sicque
675 2405 757 2468 bono
767 2404 826 2468 fine
837 2405 968 2467 animam
980 2402 1116 2466 exalavit.
1129 2404 1219 2468 Obiit
1230 2421 1331 2469 autem

313 2515 393 2556 anno
408 2493 536 2558 Domini
553 2491 760 2572 Mccxvll,
770 2491 1053 2572 videlicetxij.Kal.
1065 2493 1203 2575 Augusti,
1217 2493 1275 2556 boc
1290 2494 1331 2557 est
1345 2515 1403 2559 ¹2¹7

313 2581 344 2643 in
362 2582 464 2666 vigilia
477 2584 564 2646 beate
586 2581 688 2644 Marie
704 2579 898 2664 Magdalene,
921 2579 1025 2642 famuli
1049 2594 1150 2642 autem
1172 2582 1237 2644 eius
1257 2580 1331 2644 ficut
1343 2595 1384 2642 lul.
1399 2598 1426 2643 ιθ

313 2691 366 2734 eos
387 2672 473 2733 vivus
497 2671 684 2732 adiuraverat
718 2689 841 2730 manum
866 2669 930 2730 eius
959 2667 1113 2730 dexteram
1140 2688 1211 2730 cum
1238 2669 1330 2732 corde

313 2757 513 2836 servaverunt,
535 2757 702 2841 corpusque
732 2757 796 2820 eius
827 2770 1032 2838 excoquentes
1050 2753 1110 2817 ossa
1134 2755 1331 2839 collegerunt,

314 2844 344 2907 δι
367 2845 423 2907 hec
441 2845 544 2908 omnia
563 2866 635 2907 cum
658 2845 790 2907 maximo
812 2843 916 2905 labore
931 2844 960 2904 in
984 2841 1154 2905 Zwetlense
1180 2845 1331 2908 monaste·

313 2933 391 2994 rium
406 2931 577 2995 detulerunt
591 2931 621 2994 δι
634 2953 670 2994 ea
690 2932 720 2993 in
742 2932 876 3013 capitulo
891 2930 1111 2992 monachorum
1130 2952 1202 2993 eum
1226 2932 1330 2998 multis

315 3019 445 3084 lacrimis
459 3018 649 3102 sepelierunt.
665 3018 830 3081 Laboravit
852 3033 953 3081 autem
969 3033 1137 3082 conventus
1151 3018 1330 3083 Zwetlensrs

314 3129 458 3171 unacum
472 3108 579 3170 abbate
593 3105 725 3170 eiusdem
739 3104 810 3184 loci,
823 3121 857 3168 ut
866 3105 930 3169 dies
944 3106 1160 3170 anniversarius
1170 3108 1235 3170 eius
1248 3108 1330 3170 vide·

314 3196 385 3259 licet
399 3197 428 3258 in
454 3195 557 3278 vigilia
570 3195 657 3257 beate
672 3193 775 3256 Marie
799 3191 983 3276 Magdalene
1007 3214 1024 3254 a
1047 3193 1176 3276 generali
1195 3193 1330 3276 capitulo

313 3285 456 3348 obtentus
471 3283 609 3346 devotius
631 3281 830 3366 peragatur&
845 3283 876 3344 in
897 3281 958 3364 ipsa
972 3282 1020 3343 die
1039 3302 1101 3344 non
1121 3280 1217 3343 solum
1240 3279 1330 3364 ipsius

222 3383 242 3429 r
256 3379 301 3415 ¹0⁰
314 3371 461 3434 Hadmari
477 3371 608 3449 secundi,
622 3391 728 3432 verum
742 3372 832 3432 etiarn
857 3370 947 3451 primi
966 3369 1133 3431 fundatoris
1147 3368 1330 3431 &omnium

313 3461 403 3523 buius
417 3459 476 3522 loci
492 3457 686 3520 fundatorum
711 3458 742 3519 in
757 3454 843 3518 simul
857 3454 1070 3519 celebretur&
1093 3477 1198 3519 eorum
1213 3477 1330 3519 memo-

315 3549 359 3610 ria
369 3567 440 3611 cum
454 3545 564 3630 vigiliis
579 3544 609 3607 δι
622 3544 712 3608 millis
725 3543 755 3606 &
766 3544 832 3606 aliis
842 3543 1030 3607 orationibus
1047 3543 1215 3607 haberetur.
1231 3541 1328 3630 Quod

315 3635 408 3718 usque
421 3634 512 3697 hodie
527 3635 557 3696 in
579 3630 743 3696 Zwetlenst
757 3631 938 3694 monasterio
957 3629 1124 3713 perseverat
1146 3632 1183 3694 ad
1208 3631 1329 3694 laudem

313 3721 375 3785 Dei
388 3723 439 3805 qui
455 3721 624 3804 peremnia
637 3719 735 3782 secula
747 3719 862 3782 vivit&
873 3734 987 3802 regnat.
998 3720 1111 3781 Amen.
1123 3717 1247 3802 Explicit
1258 3717 1328 3780 liber

309 3810 420 3894 primus
432 3809 675 3894 defundaroribus
690 3807 812 3871 Zwetlen
823 3829 846 3870 ts
859 3807 1025 3893 mmersierp'.

654 4023 756 4107 Incipit
766 4022 839 4086 liber
844 4022 991 4112 secundus.

354 4238 514 4323 Postquam
528 4241 567 4303 de
583 4237 741 4302 fidelissimi
756 4236 923 4300 fundatoris
941 4235 1032 4298 nostri
1046 4234 1168 4297 secundi
1184 4234 1329 4298 Hadmari

314 4343 412 4390 morte
426 4326 580 4390 lacrimosa
603 4347 665 4389 non
685 4326 746 4389 sme
771 4325 901 4388 lacrimis
925 4319 1129 4404 descripsimus
1153 4320 1228 4385 sicut
1241 4324 1329 4387 nobis

312 4414 443 4479 seniores
457 4414 627 4498 monasterij
643 4414 736 4476 nostri
750 4414 842 4476 etiam
852 4433 923 4474 cum
937 4409 1068 4472 lacrimis
1078 4405 1238 4473 assertione
1251 4413 1330 4474 veri-

312 4505 380 4566 dica
409 4503 575 4567 retulerunt
597 4504 635 4564 de
668 4500 739 4564 filiis
771 4499 903 4563 eiusdem
926 4497 1101 4561 solertiffimi
1122 4495 1267 4561 Hadmari
1291 4501 1329 4562 de

313 4589 506 4674 Cbunnring,
516 4590 569 4674 qui
583 4605 617 4651 ut
630 4589 761 4671 speratur
774 4588 892 4669 optimo
905 4583 965 4647 fine
979 4582 1099 4646 deceffit
1113 4582 1184 4646 &in
1195 4582 1329 4666 capitulo

316 4677 487 4760 monasterij
502 4677 604 4755 nostri,
617 4677 669 4739 ubi
681 4692 765 4758 pater
784 4676 848 4738 eius
863 4672 1005 4735 dominus
1019 4669 1133 4734 Albero
1149 4669 1186 4732 de
1197 4669 1328 4734 Chunu-

317 4768 384 4849 ring
398 4767 490 4829 etiam
504 4763 671 4849 requiescit,
684 4766 722 4826 de
747 4761 946 4826 transmarinis
975 4759 1108 4844 partibus
1129 4759 1280 4823 transferri
1299 4758 1329 4828 ἃ
