4336 6572
815 955 897 1046 106
994 954 1237 1079 Testimoniu
1257 953 1299 1043 in
1323 947 1461 1042 Gallia
1471 949 1651 1075 scripta.

734 1236 792 1284 raro
804 1217 861 1271 luit.
880 1216 978 1271 Inventi
995 1216 1052 1269 sunt
1069 1216 1094 1268 in
1107 1216 1228 1269 Damiata
1240 1213 1363 1269 trabumdi
1378 1226 1488 1286 quatuor
1505 1232 1563 1268 cum
1574 1214 1694 1286 :petrariis
1715 1218 1739 1269 u
1757 1233 1828 1269 man·

803 1297 908 1368 gonellia
927 1295 1049 1368 plurimis,
1077 1295 1161 1348 baliste
1180 1312 1238 1348 cum
1264 1306 1340 1347 torno
1359 1293 1485 1348 sortislime
1506 1296 1531 1348 δι
1553 1313 1630 1349 omne
1648 1313 1727 1366 genua
1747 1314 1829 1350 arma·

805 1391 860 1431 ture
871 1376 983 1431 fortium.
1008 1377 1111 1429 Aurum
1130 1377 1154 1428 ir
1173 1386 1305 1444 argentum
1318 1391 1376 1427 cum
1395 1374 1467 1443 perlit
1487 1375 1512 1427 δι
1529 1374 1582 1426 aliis
1602 1376 1676 1428 rebus
1695 1377 1829 1431 mobilibus

803 1474 855 1510 non
872 1457 951 1509 solum
969 1455 1034 1508 iuter
1048 1455 1151 1509 clericos
1164 1456 1188 1507 u
1200 1453 1298 1521 militet,
1320 1454 1362 1508 sed
1380 1453 1455 1507 etiam
1470 1455 1535 1508 inter
1547 1454 1664 1507 satellites
1679 1457 1703 1510 tc
1716 1457 1829 1510 mulieres

803 1537 829 1588 de
848 1553 939 1607 pueroe
960 1535 1129 1600 dividebatur,
1148 1535 1396 1604 proportionabiliter
1412 1546 1491 1588 turrea
1509 1537 1616 1589 civitatia
1634 1537 1763 1590 distribute
1774 1537 1831 1590 sunt

803 1615 867 1670 inter
876 1633 963 1684 regna,
968 1631 1078 1685 quorum
1084 1613 1215 1667 bellatores
1222 1627 1390 1667 convenerant
1398 1615 1431 1666 ad
1440 1614 1492 1668 eiua
1500 1615 1655 1686 captionem3
1667 1617 1774 1670 dedu8ra
1782 1617 1830 1670 luit

803 1695 886 1766 primo
895 1695 962 1762 loco,
973 1695 1035 1747 ficut
1044 1693 1129 1747 decuit
1138 1695 1162 1746 δι
1170 1693 1290 1762 oportuit,
1303 1711 1353 1746 una
1363 1693 1447 1758 turris,
1459 1712 1509 1763 que
1519 1695 1639 1748 Romane
1650 1695 1698 1749 fuit
1710 1697 1830 1766 assignata

805 1773 915 1828 Eccletie
936 1791 995 1827 cum
1013 1785 1087 1843 porta
1104 1773 1177 1842 ipsius
1190 1791 1239 1843 que
1253 1773 1313 1826 olim
1326 1771 1457 1827 dicebatur
1468 1775 1616 1844 Rabylonis,
1636 1785 1696 1828 tunc
1706 1775 1831 1846 appellata

804 1855 839 1908 est
851 1854 980 1906 Romana.
997 1853 1060 1906 Alia
1073 1853 1150 1906 etiam
1162 1850 1235 1905 turris
1247 1852 1384 1905 reservatur
1396 1852 1515 1906 Damiate
1525 1853 1719 1924 archiepiscopo.

843 1935 877 1988 lit
894 1933 957 1987 licut
972 1931 1031 1986 olim
1050 1932 1139 1985 civitae
1151 1931 1201 1985 Dei
1213 1931 1318 1984 viventis
1332 1931 1488 1985 Hierusalem
1498 1933 1581 1986 saneta
1594 1945 1669 2003 capta
1689 1933 1736 1986 suit
1749 1935 1831 2000 nobie,

807 2013 840 2067 src
851 2012 974 2067 christani
984 2011 1130 2068 Damiatam
1143 2022 1202 2064 aute
1210 2011 1347 2064 diluculum
1364 2010 1536 2065 obtinuerunt.
1549 2013 1742 2066 instrumentum
1755 2014 1833 2079 euim,

805 2110 858 2163 quo
876 2091 953 2146 turris
973 2103 1049 2163 capta
1064 2090 1112 2143 fuit
1128 2089 1248 2156 duminio,
1271 2089 1422 2144 Teutonicia
1434 2108 1493 2143 cum
1506 2090 1648 2145 Frisombua
1660 2091 1685 2146 in
1697 2109 1832 2146 commune

806 2172 971 2226 donavenmt.
994 2172 1035 2225 De
1055 2187 1107 2239 quo
1122 2169 1203 2223 saduc
1226 2169 1261 2222 eli
1281 2185 1344 2238 pons
1361 2167 1425 2221 inter
1437 2168 1562 2222 civitatem
1580 2171 1740 2226 &cadmina
1760 2172 1833 2240 quod

806 2251 975 2304 oonstmdlum
994 2250 1028 2302 eli
1043 2249 1076 2302 ad
1094 2248 1277 2302 munimentum
1291 2249 1343 2317 ripe
1358 2246 1465 2302 civitatie
1478 2249 1660 2319 contrapofite;
1681 2250 1733 2304 duo
1746 2251 1833 2304 castel·

806 2330 859 2384 lula
871 2328 1010 2400 composita
1028 2329 1084 2382 sunt
1095 2328 1128 2380 ad
1142 2327 1280 2381 custodiam
1292 2327 1376 2398 pontia
1393 2327 1428 2380 de
1444 2328 1534 2381 eodem
1546 2328 1714 2384 instrumento.
1730 2331 1833 2401 Insuper

806 2409 840 2463 de
852 2409 908 2462 altit
922 2407 1063 2472 arbon‘bua,
1084 2408 1156 2476 super
1172 2424 1236 2476 quar
1255 2407 1320 2460 scala
1334 2406 1461 2476 pendebat
1478 2407 1592 2460 edificata
1604 2409 1638 2461 eli
1650 2409 1749 2478 specula
1761 2410 1834 2478 super

807 2488 965 2542 altitudinem
979 2487 1050 2540 oallri
1062 2486 1121 2540 novi
1132 2487 1165 2538 ad
1179 2485 1338 2539 indicandum
1352 2497 1454 2555 portum
1470 2485 1546 2556 longe
1559 2486 1745 2557 navigantibus.
1763 2489 1833 2541 Pone

807 2577 890 2632 vaur,
908 2566 953 2637 qui
966 2566 1094 2618 mediante
1106 2564 1187 2618 insula
1197 2575 1331 2634 utramque
1343 2563 1423 2634 ripam
1435 2565 1610 2634 contingebat,
1623 2566 1757 2620 obfidionie
1769 2578 1833 2620 tern-

806 2663 868 2717 pore
884 2644 1052 2717 multipliciter
1070 2663 1087 2697 a
1098 2643 1226 2697 Saraoeuie
1245 2643 1327 2696 suerat
1339 2655 1487 2710 attentatur,
1508 2646 1533 2698 δι
1553 2645 1717 2699 achristianie
1731 2646 1833 2700 virliter

808 2723 932 2792 defensor,
943 2726 987 2778 suo
999 2724 1099 2778 nram
1110 2722 1194 2776 officio
1206 2722 1241 2775 ad
1251 2722 1313 2776 alios
1326 2724 1465 2776 reservatam
1477 2723 1512 2776 eli
1524 2723 1589 2776 usur.

871 2949 920 3012 91.
940 2928 990 2993 De
1003 2928 1126 3012 captione
1142 2926 1250 2991 Thumi
1262 2929 1297 2990 ὅ*
1311 2927 1449 3012 opulentia
1462 2927 1544 3013 ipsius
1557 2930 1777 3013 acsortitudr'ne.

841 3124 901 3177 Non
928 3119 1019 3174 minori
1044 3119 1166 3173 mirando
1190 3120 1271 3172 immo
1290 3118 1379 3172 maiori
1408 3119 1513 3174 donavit
1539 3121 1665 3176 Dominus
1695 3121 1831 3174 christiania

690 3208 752 3257 lior.
763 3222 792 3270 ²3
807 3201 917 3268 Thauir,
936 3201 1020 3254 mense
1031 3199 1172 3266 novembri,
1192 3199 1217 3253 in
1234 3200 1296 3252 ledo
1317 3197 1392 3252 sanbli
1406 3198 1555 3266 Clementis,
1575 3200 1618 3270 qui
1639 3201 1716 3254 habet
1734 3200 1832 3254 habita·
1939 3205 1944 3211 '

806 3282 896 3336 culum
911 3280 1019 3334 suumin
1033 3279 1103 3332 mari.
1115 3280 1182 3333 Nam
1198 3278 1260 3332 miffi
1276 3278 1299 3331 in
1313 3277 1376 3332 mari
1388 3278 1556 3347 exploratore·
1568 3296 1673 3332 nurnero
1682 3280 1749 3350 quali
1762 3279 1831 3332 mille

806 3360 853 3414 viri
871 3360 897 3414 in
915 3358 1036 3414 naviculis
1055 3377 1100 3429 per
1126 3376 1231 3429 parvum
1252 3359 1354 3424 flumen,
1378 3357 1421 3427 qui
1450 3357 1552 3411 Thacia
1568 3370 1734 3428 nuncupatur,
1752 3371 1781 3412 ut
1799 3360 1832 3412 de

807 3439 938 3494 cafi'alibue
950 3437 1067 3492 tollerent
1086 3437 1131 3491 sibi
1144 3437 1268 3502 matralia,
1288 3438 1312 3490 ir
1326 3437 1416 3489 narum
1430 3436 1534 3507 prediffi
1545 3437 1594 3490 loci
1606 3437 1738 3507 diligenter
1748 3439 1833 3508 explo-

807 3531 899 3573 rarent.
920 3517 1046 3584 Saraceni,
1066 3515 1110 3586 qui
1128 3530 1200 3570 erant
1217 3516 1243 3568 in
1263 3515 1369 3586 presidio
1380 3515 1463 3582 oallri,
1476 3515 1531 3568 viria
1543 3516 1687 3583 christiania,
1706 3528 1834 3587 putantee,

808 3610 891 3652 toturn
902 3597 1039 3653 exercitum
1053 3595 1146 3659 venire,
1158 3595 1254 3648 serratio
1265 3593 1344 3665 portia
1357 3593 1487 3664 sugerunt.
1500 3595 1584 3648 Nostri
1592 3613 1652 3649 vero
1661 3595 1739 3650 solum
1750 3597 1833 3650 Chris-

807 3689 862 3730 tum
878 3677 913 3730 ni
925 3676 1085 3748 capitaneum
1099 3674 1230 3740 habentes,
1251 3685 1408 3744 erumpentes
1420 3674 1525 3728 claullra
1545 3674 1700 3730 intravemnt
1710 3676 1831 3740 cestrum

807 3755 889 3809 testati
901 3756 957 3809 sunt
971 3754 1043 3808 nobie
1057 3753 1198 3818 redeuntes,
1217 3751 1241 3805 se
1252 3768 1381 3821 nunquam
1392 3752 1419 3804 in
1431 3752 1508 3823 plano
1519 3752 1608 3806 lortius
1619 3754 1725 3807 castrum
1736 3753 1831 3807 vidill'e

809 3834 911 3901 Septem
929 3844 1010 3885 turrea
1021 3832 1098 3884 habet
1110 3829 1256 3882 firmitlimar
1268 3829 1439 3896 testudinans,
1458 3829 1564 3901 desuper
1574 3848 1619 3900 per
1633 3849 1726 3903 gyrrun
1739 3831 1833 3903 duplici

808 3909 872 3964 fofl'a
885 3913 909 3965 δι
922 3923 1031 3981 utroque
1042 3926 1116 3962 muro
1131 3908 1249 3978 cingitur,
1268 3908 1363 3962 habena
1376 3909 1542 3978 antemurale3
1562 3910 1631 3963 lacus
1643 3911 1667 3964 se
1678 3911 1797 3965 dillirndit
1807 3911 1833 3965 in

806 3987 886 4043 latum
899 3990 925 4042 in
937 3989 1069 4043 circuitum
1086 3989 1111 4042 in
1125 4000 1226 4042 rantum
1244 4000 1273 4041 ut
1286 3987 1369 4041 aditur
1383 3987 1507 4057 equitibue
1522 3989 1615 4061 hyeme
1631 3989 1661 4043 tit
1670 3990 1834 4060 impollibilie,

807 4067 882 4122 estate
895 4067 1001 4122 difficilia
1016 4069 1090 4134 adeo,
1112 4078 1140 4121 ut
1152 4085 1197 4140 per
1208 4067 1318 4121 nostrum
1330 4066 1466 4120 exercitum
1477 4066 1605 4122 obsidione
1617 4086 1746 4138 nunquam
1758 4087 1833 4140 cape·

806 4159 883 4202 retur.
906 4150 991 4205 lacu·
1016 4146 1122 4218 piscosus
1139 4147 1173 4200 est
1194 4147 1277 4213 valde,
1294 4146 1327 4200 de
1343 4145 1412 4200 cuiue
1429 4146 1535 4216 piscaris
1552 4148 1663 4201 Soldano
1674 4148 1833 4202 solvebantur

807 4225 937 4280 annuatim
949 4237 1057 4296 quatuor
1074 4223 1141 4278 milia
1158 4224 1328 4278 marcharum.
1349 4223 1452 4278 Avibus
1469 4225 1567 4295 insuper
1581 4228 1605 4278 de
1618 4225 1698 4278 salinis
1711 4227 1832 4279 abundat.

807 4305 905 4359 casalia
917 4307 996 4358 multa
1008 4322 1051 4376 per
1060 4303 1193 4358 circuitum
1204 4303 1343 4358 serviebant
1351 4303 1382 4358 ei.
1396 4303 1492 4357 Civitae
1501 4317 1560 4357 ante
1569 4305 1676 4359 castrum
1689 4305 1770 4358 maior
1778 4307 1833 4360 Da·

806 4385 884 4438 miata
898 4385 957 4437 olim
971 4385 1075 4450 famosa,
1093 4401 1160 4437 nunc
1172 4393 1257 4436 autem
1271 4383 1379 4449 ruinosa,
1390 4384 1590 4454 magnitudinem
1606 4384 1709 4438 testatur
1720 4385 1832 4438 edificio-

807 4480 871 4516 rum.
893 4467 949 4517 llec
962 4464 996 4516 eli
1008 4462 1117 4528 Thema,
1138 4463 1208 4516 cuius
1220 4464 1303 4532 campi
1325 4462 1441 4516 meminit
1452 4463 1536 4516 David
1556 4464 1691 4533 propheta:
1709 4483 1721 4513 a
1737 4467 1831 4518 Coram

809 4562 821 4591 ι
834 4541 946 4612 patribus
956 4559 1043 4595 eorum
1055 4541 1114 4594 lecit
1125 4541 1248 4594 mirabilia
1258 4541 1308 4594 dec.
1321 4561 1333 4591 a
1346 4541 1569 4611 (lffsalm.,1.xxvu,
1581 4560 1591 4594 r
1597 4541 1626 4612 5)
1636 4544 1660 4595 u
1670 4542 1756 4596 Esaiae
1763 4543 1832 4614 (nx,
1864 4570 2018 4630 Psadspht,

698 4641 702 4649 ·
809 4621 866 4687 rr)=
886 4639 898 4668 ι
915 4618 989 4672 Stulti
1000 4619 1125 4690 principer
1137 4620 1261 4673 Thaneoe
1277 4617 1399 4690 sapienter
1411 4620 1542 4689 confilian'j
1560 4621 1698 4674 Pharaonis
1710 4621 1833 4674 dedenrnt
1844 4633 1989 4696 flium„
1997 4631 2044 4691 111,

810 4697 960 4754 «confilium
969 4698 1110 4772 inspicant
1124 4701 1181 4753 ileo
1190 4701 1224 4754 ell
1233 4698 1342 4766 Thonis,
1350 4698 1435 4769 irrqua
1442 4699 1567 4772 lapidatus
1574 4699 1831 4754 afferiturllieremiae
1907 4708 1974 4758 ¹¹44
