4362 6560
848 1051 925 1112 122
1029 1019 1267 1151 Testimonia
1289 1022 1331 1112 in
1356 1015 1496 1112 Gallia
1505 1019 1688 1146 scripta.

838 1302 910 1344 curn
926 1283 956 1345 in
971 1283 1091 1347 diverses
1106 1284 1238 1366 partibus
1248 1284 1461 1366 predicantur,
1470 1282 1531 1346 visa
1544 1284 1601 1347 fuit
1614 1283 1776 1346 manifeste.
1790 1283 1860 1346 Nec

839 1392 901 1433 non
919 1369 950 1433 dt
963 1392 1032 1454 ego,
1045 1370 1182 1435 fidelium
1197 1372 1379 1452 novissimus,
1393 1390 1556 1456 antequam
1566 1373 1708 1454 piissimus
1723 1371 1861 1434 Ludovi·

838 1480 893 1522 cus
900 1458 1087 1524 Francorum
1099 1482 1150 1523 rex
1159 1481 1240 1522 anno
1249 1461 1287 1522 ab
1297 1456 1862 1538 incarnationeDominiMCCXLVl,

838 1569 963 1610 crucem
978 1547 1204 1611 transmarinam
1219 1547 1387 1632 susciperet,
1397 1569 1520 1611 crucem
1530 1549 1561 1611 in
1575 1547 1643 1612 celo
1653 1569 1691 1610 ex
1701 1546 1861 1610 clariffimo

839 1635 870 1699 dt
884 1632 1000 1699 sidereo
1014 1637 1132 1700 lumine
1144 1637 1218 1717 vidi,
1235 1659 1293 1699 nec
1309 1636 1414 1699 recolo
1428 1658 1478 1698 me
1492 1637 1648 1700 decentius
1662 1634 1693 1698 dt
1707 1633 1862 1719 operosus

839 1725 1001 1787 formatam
1016 1745 1140 1787 crucem
1155 1745 1291 1808 unquam
1307 1724 1359 1787 sub
1370 1724 1472 1808 aliqua
1492 1725 1628 1803 materia,
1640 1723 1690 1786 vel
1707 1723 1804 1808 figura
1816 1725 1863 1785 vi-

839 1810 921 1874 dill'e.
937 1812 1079 1876 Ostenos
1104 1813 1213 1875 habere
1234 1813 1356 1876 cubitos
1374 1833 1499 1875 crucem
1512 1811 1607 1895 ipsam
1626 1813 1656 1874 in
1672 1811 1862 1895 longitudine

839 1899 915 1960 mihi
931 1899 1098 1982 planissime
1111 1899 1208 1961 visum
1222 1899 1273 1961 esl.
1288 1898 1435 1961 Serenum
1450 1899 1551 1962 celum
1565 1914 1630 1962 erat
1643 1898 1741 1978 valde,
1754 1898 1785 1962 dt
1801 1894 1863 1960 fine

839 1985 940 2070 aliqua
955 1987 1037 2049 nube
1054 1989 1084 2050 in
1099 1985 1201 2070 aliqua
1216 2003 1300 2068 parte
1315 1986 1368 2065 sui,
1381 1986 1435 2050 sub
1452 1988 1554 2050 nostro
1577 1988 1741 2050 horizonte
1761 1985 1862 2048 celum

838 2091 904 2136 erat
917 2075 1030 2139 coloris
1053 2077 1151 2137 unius.
1174 2073 1225 2137 Dc
1250 2074 1436 2139 discoloratis
1460 2096 1532 2139 vcro
1556 2076 1694 2138 crucium
1717 2073 1863 2137 fasciculis

838 2162 990 2226 vidimus:
1004 2165 1077 2245 quia
1091 2164 1188 2246 prima
1202 2183 1276 2225 crux
1289 2163 1381 2226 nostri
1396 2164 1542 2246 temporis
1555 2179 1664 2226 contra
1677 2178 1788 2226 terram
1804 2161 1863 2224 Al·

838 2248 1006 2334 bigensrum
1029 2250 1184 2333 predicata
1205 2251 1256 2313 est.
1270 2250 1410 2315 Secunda
1424 2253 1454 2314 in
1469 2266 1579 2315 terram
1593 2251 1735 2330 sandlam,
1755 2267 1865 2313 contra

839 2337 1015 2402 Saracenos.
1039 2338 1152 2402 Tertia
1165 2340 1275 2402 iterum
1289 2355 1398 2412 contra
1411 2338 1600 2423 Albigenses.
1615 2337 1736 2425 Quarta
1758 2353 1865 2400 contra

840 2427 1012 2510 Stadingos,
1026 2448 1104 2509 quos
1119 2428 1149 2489 in
1164 2426 1346 2489 Theutonia
1356 2426 1510 2490 Henricus
1532 2428 1594 2490 dux
1609 2426 1773 2490 Brabantie
1792 2446 1864 2488 cum

838 2515 897 2578 suis
917 2514 1028 2579 stravit.
1052 2512 1174 2602 Quinta
1188 2516 1299 2578 iterum
1314 2516 1471 2578 interram
1490 2514 1631 2578 sandiam.
1656 2514 1745 2578 Sexta
1758 2528 1865 2576 contra

840 2602 1008 2685 Aquenses,
1022 2603 1075 2685 qui
1090 2603 1119 2666 se
1134 2625 1191 2686 pro
1214 2602 1380 2666 scismatico
1402 2601 1428 2666 F
1429 2603 1568 2666 rederico
1586 2605 1743 2686 quondam
1766 2604 1865 2682 impe-

837 2705 947 2770 ratore,
960 2706 1067 2753 contra
1078 2689 1284 2756 Guillelmum
1299 2711 1403 2774 regem
1413 2691 1628 2755 Romanorum
1639 2689 1782 2768 clodium,
1790 2689 1864 2751 stul·

838 2777 945 2842 tiffime
959 2780 1174 2861 opposuerunt.
1189 2778 1324 2862 Septima
1333 2795 1440 2843 contra
1453 2778 1640 2843 Heaelinum
1654 2777 1790 2842 nobilem
1803 2774 1865 2840 Ita·

838 2866 889 2946 lie,
902 2866 933 2930 dt
946 2868 1011 2930 eius
1021 2868 1200 2950 complices,
1210 2867 1262 2951 qui
1274 2866 1545 2946 condemnatus&
1558 2866 1699 2949 publicus
1705 2867 1865 2944 hereticus,
1879 2877 1900 2923 r·
1914 2860 1957 2920 ¹³⁸

837 2953 930 3016 fidem
944 2954 1129 3018 catholicam
1149 2957 1281 3038 graviter
1306 2953 1466 3020 nseeatus
1486 2955 1537 3018 est.
1553 2953 1645 3041 Quot
1661 2975 1735 3038 ergo
1755 2973 1866 3037 genera

837 3044 938 3106 crucis
952 3065 960 3105 :
975 3057 1023 3106 tot
1036 3042 1168 3122 colores,
1182 3055 1228 3106 tot
1241 3042 1398 3108 fasciculos
1412 3045 1564 3108 cernimus
1578 3043 1745 3127 affignatos.

1303 3229 1341 3283 N⁰
1357 3246 1396 3281 ro.

919 3356 1046 3420 -Cracrm
1051 3357 1231 3447 suscipientes
1245 3358 1384 3440 accipiunt
1392 3356 1554 3441 plenariam
1567 3357 1776 3440 indulgentiam.

879 3520 932 3585 De
954 3522 1143 3605 indulgentia
1162 3539 1275 3602 autem,
1289 3545 1349 3606 que
1368 3543 1491 3586 crucem
1515 3521 1741 3606 suscipientibus
1762 3521 1864 3603 predi-

840 3625 935 3690 catur,
949 3609 1052 3674 nullus
1065 3607 1202 3672 fidelium
1223 3609 1362 3673 dubitate
1376 3611 1569 3692 permittitur,
1586 3612 1660 3693 quin
1681 3607 1865 3693 integraliter

840 3720 911 3761 vere
927 3699 1098 3780 penitentes
1121 3697 1151 3760 dc
1171 3697 1293 3760 confeffi
1314 3697 1534 3781 indulgentiam
1556 3698 1705 3780 recipiant
1725 3698 1864 3760 omnium

839 3803 1048 3868 peccatorum,
1063 3784 1093 3848 δι
1108 3786 1138 3847 in
1160 3805 1196 3847 ea
1216 3783 1351 3868 dcfiderij
1371 3785 1539 3864 voluntate,
1557 3806 1618 3869 qua
1636 3805 1692 3868 pro
1706 3784 1778 3863 fide,
1794 3783 1816 3847 sr
1836 3783 1864 3844 se

838 3873 985 3938 obtulerit
1004 3872 1101 3952 locus,
1114 3874 1194 3936 mori
1215 3873 1355 3958 gestiunt,
1376 3874 1510 3938 totaliter
1530 3896 1548 3937 a
1568 3894 1647 3956 pena
1659 3870 1747 3935 fimul
1764 3870 1863 3935 absol-

837 3978 947 4026 vantur
968 3961 999 4025 dt
1012 3962 1112 4044 culpa.
1130 3962 1224 4027 Certa
1237 3984 1312 4047 ergo
1326 3963 1402 4025 mihi
1415 3961 1490 4025 fides
1504 3961 1542 4024 de
1556 3961 1602 4024 his
1613 3961 1755 4024 omnibus
1769 3959 1821 4038 est,
1834 3957 1865 4021 dt

840 4049 918 4112 nihil
931 4047 1026 4114 hefito
1040 4051 1079 4112 de
1094 4052 1165 4130 hoc,
1178 4051 1261 4133 quod
1277 4049 1410 4114 summus
1424 4049 1561 4132 pontifex
1575 4047 1736 4130 nosterper
1749 4048 1864 4133 legatos

838 4136 1028 4204 audloritatis
1041 4137 1293 4202 suemandaverit
1306 4138 1489 4204 faciendum.

1302 4307 1341 4361 No
1358 4324 1396 4359 rr.

1109 4429 1200 4512 Quod
1209 4451 1282 4492 crux
1291 4429 1411 4512 pecunia
1425 4427 1592 4491 redimatur.

877 4593 935 4657 Sed
951 4594 990 4657 de
1003 4594 1050 4657 his
1064 4594 1153 4656 multi
1166 4593 1304 4657 fidelium
1318 4615 1381 4657 non
1396 4592 1544 4656 sufficiunt
1559 4591 1709 4672 admirari,
1728 4591 1782 4676 qui
1795 4611 1864 4654 cnr-

837 4703 907 4744 cem
934 4683 1065 4764 pecunia
1090 4681 1255 4761 redimunt,
1284 4680 1315 4744 dt
1338 4683 1417 4744 hanc
1444 4682 1475 4742 in
1501 4696 1563 4744 tam
1584 4681 1708 4743 modica
1734 4681 1863 4762 pecume

837 4771 1016 4852 quantitate,
1030 4786 1064 4832 ut
1078 4771 1130 4834 vix
1144 4769 1306 4850 decimam,
1319 4771 1370 4833 vix
1383 4768 1566 4849 vicesimam,
1579 4768 1629 4832 vel
1642 4771 1693 4832 vix
1704 4783 1788 4832 certe
1807 4769 1862 4830 bo-
