4336 6572
816 977 867 1037 ro
960 942 1202 1072 Testimouio
1241 941 1283 1035 in
1323 935 1469 1076 Belgio
1488 936 1667 1061 scripto.

1040 1286 1071 1365 5.
1096 1286 1262 1350 nonnus
1286 1284 1432 1348 aunum
1456 1283 1597 1356 varen,

991 1457 1079 1546 Gesta
1095 1456 1272 1548 pontificum
1290 1454 1487 1549 Lepdienfium
1504 1468 1638 1532 (-1246).

804 1636 848 1707 [E.
861 1639 884 1704 J.
900 1632 1087 1705 Chapeerillus,
1100 1633 1172 1704 Gesta
1180 1631 1267 1701 persp.
1282 1629 1451 1698 Leodimfium.
1468 1629 1567 1698 Leodlj,
1582 1634 1657 1695 1613,
1676 1629 1739 1695 in-4,
1751 1640 1769 1682 t
1781 1630 1826 1701 lt]

1309 1763 1329 1807 u

845 1909 983 1998 Quidam
1002 1908 1141 1992 magister
1151 1905 1282 1970 Ioannes
1295 1907 1327 1967 in
1338 1905 1472 1990 partibus
1485 1903 1654 1982 Brahantie,
1668 1905 1700 1965 in
1709 1903 1826 1967 monas-
1840 1929 1861 1974 p.
1871 1925 1918 1973 254

804 2001 881 2061 terio
905 1998 943 2060 de
966 1997 1086 2079 Oignes
1108 1990 1285 2058 Leodiensrs
1306 1991 1455 2070 Diocesn,
1475 1988 1529 2052 ista
1546 2011 1629 2053 nunc
1642 1991 1717 2052 hora
1730 1991 1825 2054 obiit:

804 2083 835 2146 dr
847 2083 922 2147 srcut
942 2086 973 2147 in
993 2085 1055 2147 vita
1073 2081 1190 2163 semper
1211 2081 1294 2144 circa
1316 2079 1445 2142 afflictos
1460 2077 1490 2141 dt
1505 2097 1652 2161 pauperes
1672 2079 1739 2159 pius
1760 2079 1826 2158 sirit,

804 2175 846 2235 ita
860 2171 889 2235 δι
903 2194 995 2251 nunc,
1009 2192 1080 2233 cum
1096 2168 1162 2254 post
1176 2183 1306 2240 mortem
1321 2183 1390 2232 ante
1405 2166 1508 2232 locutu
1523 2169 1699 2250 purgatorij,
1716 2169 1748 2229 in
1763 2189 1824 2250 quo

803 2281 875 2322 cum
898 2260 1112 2324 innumerabili
1133 2258 1330 2332 multitudine
1353 2256 1519 2334 detinebar,
1541 2257 1607 2330 eius
1631 2255 1702 2318 felix
1726 2257 1827 2318 anima

804 2346 977 2428 deferretur,
998 2348 1155 2412 &ibidem
1175 2346 1290 2422 multos
1304 2344 1542 2427 recognosceret,
1566 2365 1698 2428 quorum
1718 2345 1825 2407 audior

803 2434 904 2500 salutis
917 2439 1069 2517 extiterat,
1084 2435 1196 2519 pietate
1209 2447 1384 2506 commotus
1400 2453 1456 2516 pro
1470 2433 1513 2502 eis
1528 2430 1700 2516 suppliciter
1711 2432 1825 2494 Domi-

801 2545 877 2586 num
895 2526 1042 2603 exoravit,
1065 2539 1099 2591 ut
1121 2545 1139 2589 a
1162 2543 1240 2616 pena
1254 2517 1418 2606 purgatorij
1441 2518 1637 2592 solverentur.
1652 2519 1721 2583 Nec
1738 2541 1825 2582 mora

801 2613 960 2675 exauditus
981 2635 1000 2675 a
1020 2610 1174 2692 Domino,
1192 2608 1222 2672 δι
1243 2631 1306 2677 non
1329 2623 1447 2675 tantum
1468 2628 1522 2690 pro
1537 2607 1606 2689 illis,
1626 2608 1736 2692 quibus
1755 2629 1824 2671 ora-

800 2714 893 2778 verat,
915 2721 1023 2762 verum
1045 2701 1137 2762 etiarn
1160 2718 1214 2780 pro
1242 2718 1291 2768 me
1313 2696 1343 2760 du
1364 2695 1468 2758 multis
1489 2694 1543 2759 alis
1564 2696 1595 2758 in
1616 2695 1731 2760 coelum
1752 2717 1824 2758 cum

802 2789 936 2850 maxima
955 2788 1053 2871 gloria
1071 2786 1114 2849 est
1134 2800 1284 2867 receptus.
1308 2784 1367 2848 Hie
1385 2782 1475 2847 dietis
1489 2784 1590 2846 anima
1602 2784 1640 2846 ab
1654 2783 1752 2847 oculis
1765 2785 1824 2845 mi·

801 2877 895 2939 rantis
916 2877 1047 2938 evanuit.
1071 2872 1138 2957 Ipse
1161 2894 1234 2936 vero
1257 2872 1435 2955 predicator,
1459 2871 1490 2933 in
1511 2871 1705 2934 transmarina
1725 2871 1823 2934 statim

800 2963 916 3026 directo
937 2963 1052 3026 nuncio
1074 2982 1145 3025 cum
1167 2959 1273 3038 literis,
1296 2957 1371 3022 ficut
1391 2960 1492 3028 anima
1518 2980 1572 3042 pro
1593 2956 1675 3042 stgno
1690 2959 1823 3034 dederat,

800 3053 883 3114 diem
898 3052 1066 3134 horamque
1080 3048 1171 3118 sandii
1187 3048 1242 3110 viri
1257 3049 1416 3132 migrantis
1429 3047 1554 3111 invenit.

918 3335 950 3410 6.
978 3340 1066 3429 Gesta
1091 3339 1227 3407 albanum
1252 3337 1324 3406 Om'
1346 3337 1380 3405 S.
1406 3337 1529 3405 Maria
1554 3345 1599 3414 (-
1616 3347 1705 3415 ¹²59)-

1208 3517 1230 3568 ο,
1243 3501 1380 3566 LV111‚n⁰
1395 3504 1418 3552 8.

952 3628 1015 3700 [Ed.
1027 3631 1065 3684 Α.
1077 3634 1127 3686 W.
1140 3629 1301 3702 Wyumds,
1315 3629 1480 3695 Leumtdeu,
1496 3635 1571 3696 1859,
1584 3628 1666 3700 iun]

1300 3761 1320 3805 u

835 3905 871 3969 ln
901 3906 973 3969 villa
1000 3925 1060 3988 que
1073 3902 1317 3970 Wellerhintum
1344 3905 1532 3983 nonnanis,
1558 3905 1680 3970 cuidam
1707 3911 1818 3990 iuveni,
1831 3941 1894 3989 p.7o

796 3992 919 4056 Iaricho
933 3995 1070 4072 nomine,
1089 3993 1147 4056 tale
1171 3995 1244 4078 quid
1260 3995 1371 4072 evenit,
1384 4010 1418 4068 ut
1431 3995 1509 4057 inter
1528 3995 1673 4063 miracula
1685 3999 1741 4060 viri
1755 3997 1817 4061 Dei

798 4080 927 4145 scribere
949 4080 1163 4164 complaceret
1188 4079 1248 4156 Illo
1262 4083 1294 4146 in
1308 4101 1456 4165 tempore,
1476 4104 1540 4168 quo
1554 4083 1693 4166 magister
1707 4085 1817 4151 Olive-

795 4171 859 4233 rius
873 4190 996 4232 crucem
1012 4170 1042 4232 in
1054 4168 1080 4232 F
1079 4167 1146 4231 rista
1160 4171 1337 4253 predicavit,
1351 4168 1517 4244 infirmatus
1531 4171 1574 4244 est
1587 4173 1718 4254 prefatus
1732 4175 1816 4239 iuve-

794 4257 841 4320 nis
863 4258 894 4319 in
916 4272 1044 4335 tantum,
1068 4271 1102 4319 ut
1115 4279 1132 4320 a
1145 4258 1204 4321 suis
1218 4257 1432 4341 desperaretur.
1452 4257 1581 4321 Flebant
1594 4275 1696 4323 autem
1709 4284 1815 4329 omnes

794 4346 858 4407 noti
875 4345 1008 4409 &amici
1027 4345 1091 4408 eius
1113 4344 1143 4408 δι
1165 4347 1298 4410 maxime
1322 4366 1398 4408 uxor
1419 4347 1484 4412 eius
1508 4346 1677 4429 iuvencula,
1700 4351 1816 4414 calum-

795 4432 913 4495 niantes
941 4433 1047 4495 mortis
1074 4433 1350 4515 intemperantiam,
1378 4435 1460 4517 quod
1489 4433 1654 4498 succideret
1676 4436 1816 4501 floridam

794 4521 859 4582 eius
874 4520 1072 4596 iuventutem,
1087 4540 1146 4602 que
1160 4521 1256 4603 magis
1266 4521 1366 4583 adhuc
1380 4521 1570 4584 incremento
1584 4544 1676 4606 quam
1689 4524 1816 4591 maturi-

795 4621 855 4670 tate
869 4607 1028 4690 gaudebat.
1052 4605 1119 4689 Ipse
1139 4629 1263 4691 quoque
1285 4609 1402 4673 iuvenis
1416 4609 1497 4693 quast
1510 4609 1588 4674 male
1603 4608 1654 4674 srbi
1668 4610 1815 4690 conscius,
