4336 6572
686 1025 759 1106 40.
795 990 1033 1086 maninus
1055 991 1187 1087 Poris.
1400 1021 1449 1117 55

624 1284 674 1347 De
687 1284 858 1371 miraculosa
871 1285 993 1369 captione
1006 1286 1097 1348 turris
1110 1286 1256 1348 Damiate.

333 1451 355 1497 p.
367 1433 412 1484 228
463 1428 593 1494 Tandem,
616 1427 759 1480 necessitate
772 1427 916 1481 industriam
934 1429 1065 1495 edocente,
1087 1429 1308 1482 Theutonicomm
1326 1448 1356 1483 ac
1369 1430 1454 1484 Friso-
1469 1431 1527 1479 1218

425 1528 485 1564 num
500 1509 650 1578 sumptibus,
668 1508 757 1577 peritia
770 1511 793 1562 le
806 1509 892 1562 labore
906 1510 971 1564 duce
983 1511 1092 1564 maxime
1103 1529 1214 1581 cogones
1227 1511 1418 1580 concathenate,
1429 1513 1454 1565 in

425 1592 516 1663 quibus
536 1589 577 1657 iiij.
596 1587 654 1640 mali
674 1589 813 1657 eriguntur,
833 1607 892 1642 cum
912 1592 959 1643 suis
973 1592 1121 1644 rudentibus
1135 1595 1158 1646 δι
1172 1593 1285 1645 antennis
1298 1593 1368 1646 tediis
1381 1593 1454 1646 coriis

426 1670 532 1736 bovinis,
544 1669 695 1721 adhibentur
706 1668 740 1719 ad
754 1668 840 1720 turrim
851 1682 1025 1724 memoratam.
1040 1672 1129 1739 Tunc,
1143 1671 1209 1724 fatto
1222 1672 1312 1724 insultu
1324 1672 1455 1738 acerrimo,

424 1754 524 1807 iacebat
537 1749 677 1822 patriarcha
700 1767 758 1802 curn
776 1749 843 1803 clero
855 1763 914 1803 ante
926 1751 1021 1820 lignum
1039 1752 1126 1804 Crucis
1144 1753 1168 1803 in
1186 1753 1309 1819 oratione,
1330 1752 1454 1823 prelibato

423 1832 525 1886 ieiunio.
548 1833 631 1885 Iasius
652 1832 686 1884 et
705 1831 730 1883 in
755 1833 896 1885 machinam
919 1833 983 1903 ignis
1005 1834 1113 1896 Grecus,
1134 1832 1176 1885 sed
1196 1832 1321 1885 orantium
1342 1833 1452 1886 fidelium

423 1912 525 1966 lacrime
548 1911 691 1964 incendium
714 1912 881 1964 extinxerunt.
909 1914 1038 1966 Nostrates
1061 1923 1145 1964 autem
1173 1912 1206 1964 usr
1230 1913 1335 1982 flagellis
1360 1911 1453 1980 ferreis,

423 1991 507 2060 capita
518 1995 709 2046 Sarracenomm
719 1993 896 2046 contriverunt.
910 1993 1032 2045 Tandem
1045 1991 1185 2044 Sarracenis
1198 1991 1223 2044 in
1235 1992 1377 2046 desenfione
1390 1992 1453 2046 deli·

330 2083 354 2128 Ρ·
364 2078 410 2128 ²29
423 2070 545 2124 cientibus
557 2071 675 2141 colloquij
689 2072 721 2124 de
735 2091 798 2142 pace
811 2074 932 2142 petebant
946 2072 1069 2136 solatium,
1089 2090 1119 2124 ac
1131 2071 1180 2124 sese
1193 2073 1238 2125 sub
1252 2073 1368 2141 padione
1381 2071 1453 2125 ducis

423 2149 525 2204 Austris
542 2151 712 2204 reddiderunt.
738 2155 892 2221 Expugnata
914 2152 947 2204 eli
969 2162 1053 2205 autem
1076 2150 1149 2204 turris
1170 2151 1211 2204 illa
1228 2153 1296 2205 sexta
1314 2151 1375 2204 seria
1394 2163 1453 2205 ante

422 2229 512 2282 felium
527 2232 602 2286 sansli
614 2232 786 2286 Bartholomei
798 2234 820 2285 tr
832 2232 895 2284 infra
907 2249 1002 2302 paucos
1011 2232 1064 2285 dies
1076 2232 1130 2301 poli
1143 2231 1212 2284 idem
1225 2232 1314 2284 felium
1323 2231 1357 2285 est
1368 2243 1452 2302 capta,
1466 2230 1525 2290 Aua·
1536 2242 1567 2288 24

423 2309 447 2360 dr
461 2309 605 2365 Christianis
619 2313 769 2383 mancipata.

488 2460 537 2522 De
549 2473 635 2523 morte
649 2461 812 2551 Saphadini,
824 2464 859 2524 is
873 2459 1048 2546 deslruttiene
1061 2483 1208 2522 murorum
1222 2460 1387 2550 Ierusalem.

456 2602 515 2655 Post
527 2613 628 2672 captam
641 2601 726 2672 itaque
740 2603 826 2655 turrim
836 2602 914 2666 illam,
926 2601 1092 2672 Saphadinus,
1105 2602 1203 2656 dierum
1217 2603 1340 2656 malorum
1353 2605 1451 2675 plenus,

421 2679 619 2750 fratmelumque
638 2683 737 2735 suorum
759 2682 922 2736 exheredaret
940 2699 970 2734 ac
983 2681 1053 2750 regni
1066 2683 1128 2736 Asse
1142 2683 1272 2752 usurpator
1284 2683 1452 2754 nequissimus,

421 2759 509 2814 dolore
522 2761 614 2826 cordis,
626 2773 654 2814 ut
668 2762 788 2826 asseritur,
801 2763 881 2814 tatius
896 2761 1047 2826 intrinsecus,
1068 2774 1182 2814 mortuus
1200 2763 1234 2814 esi
1253 2780 1282 2815 ac
1300 2763 1409 2831 sepultus
1423 2763 1449 2816 in

424 2837 530 2893 insemo.
554 2840 602 2894 Cui
623 2842 731 2894 siucelht
755 2841 819 2894 filius
841 2841 898 2894 suus
912 2841 1064 2906 Coradinus,
1077 2841 1113 2893 vir
1125 2841 1225 2911 quidem
1242 2842 1349 2894 crudelis
1360 2844 1385 2894 dr
1396 2842 1450 2895 inti-

420 2919 490 2972 delis.
510 2920 562 2981 Qui
573 2922 608 2973 ob
621 2922 740 2975 ultionem
756 2921 878 2991 captionis
891 2922 966 2974 turris
980 2934 1127 2986 memorate,
1148 2923 1172 2973 a
1185 2921 1318 2974 obsidionis
1331 2921 1451 2975 Damiate

420 2997 471 3052 iam
484 2999 592 3069 incepte‚
611 3019 695 3054 muros
711 3001 844 3054 Ierusalem
859 3001 985 3065 destruxit,
998 3003 1021 3054 te
1034 3013 1113 3053 turres
1126 3018 1213 3053 omnes
1231 3013 1313 3072 preter
1328 3001 1448 3072 templum

421 3078 527 3131 Domini
542 3081 671 3132 &turrem
686 3079 780 3147 David,
792 3081 888 3150 redegit
902 3080 926 3134 in
938 3097 1049 3133 acervos.

420 3221 469 3285 De
488 3223 614 3286 adventu
638 3224 749 3307 Pelagej
761 3223 848 3307 legati
865 3227 900 3287 li
921 3225 1042 3288 aliorum
1062 3224 1192 3287 nobilium
1210 3225 1253 3288 ad
1266 3226 1447 3290 Damiatam.

457 3369 597 3437 subiugata
611 3380 696 3423 autem
709 3369 771 3422 turri
784 3370 911 3434 Damiate,
928 3370 1094 3422 veneruntad
1107 3369 1245 3440 passagium
1266 3371 1347 3425 sandie
1359 3371 1447 3438 crucis,

421 3448 492 3517 quod
502 3459 562 3501 tunc
574 3449 690 3516 instabat,
705 3450 737 3502 de
746 3449 845 3502 divertis
858 3450 944 3502 mundi
956 3450 1067 3519 partibus
1077 3449 1200 3519 peregrini
1210 3449 1289 3502 multi.
1302 3452 1369 3504 Inter
1382 3469 1447 3521 quos

419 3526 488 3580 venit
512 3526 641 3597 Pelagius,
661 3528 812 3580 Albanenfis
832 3529 960 3599 episcopus
977 3531 1001 3581 δι
1021 3529 1156 3598 apostolice
1176 3529 1238 3581 sedis
1257 3527 1365 3599 legatus,
1388 3549 1445 3584 cum

419 3607 541 3676 magistro
553 3609 670 3660 Roberto
682 3609 714 3659 de
730 3611 842 3670 Curcum
866 3608 920 3661 viro
941 3609 1025 3661 santio
1042 3610 1066 3660 dr
1085 3606 1161 3659 nobili
1183 3608 1206 3660 δι
1227 3608 1320 3661 clerico
1338 3609 1446 3663 nominis

418 3685 572 3739 celeberrimi
587 3689 742 3740 &Romane
759 3687 858 3740 ecclesie
871 3687 1000 3754 cardinali,
1023 3687 1123 3740 natione
1136 3687 1261 3756 Anglico‚
1283 3689 1307 3741 tr
1322 3690 1445 3743 Romanis

325 3779 347 3824 p·
359 3775 405 3824 230
417 3764 508 3818 multis.
519 3771 645 3819 Venerunt
655 3769 679 3819 δι
689 3767 795 3836 episcopi
809 3766 889 3832 multi,
901 3784 959 3820 curn
972 3765 1065 3820 comite
1074 3765 1226 3831 Nircrnensr‚
1241 3766 1283 3835 qui
1292 3767 1350 3820 dico
1359 3786 1445 3824 comes

417 3844 510 3912 postea,
532 3844 679 3896 imminente
692 3844 888 3896 Christianorum
903 3845 1012 3914 periculo
1026 3846 1132 3916 turpiter
1144 3845 1245 3899 recedit.
1259 3845 1332 3900 Venit
1344 3849 1369 3899 δι
1385 3859 1445 3900 tunc

417 3921 536 3993 temporis
558 3923 594 3976 vir
610 3923 706 3975 illustris
723 3925 747 3975 a
767 3924 854 3975 nobilis
875 3942 960 3978 comes
980 3925 1113 3980 Celirensrs
1134 3925 1292 3995 Ranulphus,
1312 3927 1345 3979 de
1366 3944 1445 3997 regno

417 4003 573 4074 implorum,
586 4021 643 4056 cum
657 4003 792 4056 comitibus
803 4007 879 4058 Saero
889 4004 1243 4068 Wintoniensr,&Willelmo
1252 4006 1442 4074 Harundelenss,

416 4083 441 4135 br
464 4083 601 4135 baronibus
623 4081 755 4134 illustribus
779 4083 892 4136 Roberto
910 4083 963 4137 silio
978 4085 1097 4148 Walteri,
1118 4083 1239 4149 Iohanne,
1260 4085 1444 4138 constabulario

417 4159 518 4225 Ceslrie,
536 4160 661 4226 villelmo,
680 4161 713 4214 de
730 4164 865 4228 Harecurt,
884 4162 996 4227 olivero,
1013 4163 1066 4214 filio
1080 4163 1145 4232 regis
1157 4162 1263 4232 Anglie,
1283 4181 1341 4216 cum
1355 4181 1443 4216 eorum

417 4237 517 4307 sequela
537 4239 625 4291 multa.
648 4244 777 4293 Venerunt
797 4240 872 4292 etiam
887 4243 993 4294 comites
1006 4242 1038 4295 de
1050 4243 1176 4306 Marchia,
1195 4242 1228 4295 de
1240 4242 1321 4306 Bruti,
1341 4243 1442 4296 wlter-

417 4332 472 4368 mus
484 4317 517 4369 de
531 4319 654 4381 Carnoto,
675 4319 755 4370 ltems
769 4318 801 4370 de
813 4319 912 4384 Tocce,
932 4321 957 4371 δι
971 4321 1084 4372 Herveus
1105 4320 1137 4372 de
1151 4320 1258 4385 Ursone,
1276 4321 1301 4372 tr
1314 4317 1384 4372 multi
1399 4318 1440 4386 aiij

416 4393 523 4462 nobiles,
536 4413 644 4466 quorum
656 4397 760 4450 nomina
771 4397 929 4467 ignoramus,
946 4399 1007 4452 ficut
1020 4415 1067 4452 nec
1079 4398 1193 4452 notitiam
1207 4399 1339 4452 habemus.

475 4541 525 4604 De
539 4545 661 4624 quadam
675 4545 891 4630 incomparabili
903 4549 1057 4630 tempestate
1067 4550 1102 4610 li
1116 4545 1184 4610 Nil
1194 4547 1379 4610 inundatione.

450 4675 480 4726 ln
498 4674 583 4745 vigilia
595 4688 679 4729 autem
691 4677 758 4730 beati
772 4678 886 4746 Andree‚
903 4679 977 4731 nobie
988 4676 1081 4744 media,
1097 4677 1165 4730 satio
1177 4677 1271 4730 tonitru
1282 4678 1440 4748 incompara·
1453 4688 1514 4737 Nor.
1525 4703 1555 4750 ²9

415 4749 468 4824 bili,
479 4769 537 4808 oum
550 4754 650 4822 nimbis,
662 4768 738 4810 rento
752 4759 777 4810 dr
788 4756 1026 4823 chomscationibus,
1043 4757 1213 4812 intumuerunt
1226 4758 1315 4813 liuiius
1327 4758 1403 4812 maris
1415 4758 1440 4811 lc
