4336 6572
740 973 743 979 ’
814 967 871 1030 20
986 935 1225 1066 Testimonio
1245 937 1286 1026 in
1307 934 1456 1065 Belgio
1465 934 1644 1058 scripta.

812 1222 826 1256 ι
839 1195 865 1258 F
866 1195 920 1279 ilij,
933 1195 1044 1278 gressus
1057 1195 1168 1258 vestros
1182 1217 1243 1257 una
1256 1215 1376 1256 mecum
1390 1193 1521 1277 dirigite,
1534 1215 1612 1276 quos
1631 1193 1720 1275 usque
1741 1213 1823 1258 nunc
1835 1222 1856 1269 p·
1868 1218 1912 1266 309

812 1283 985 1345 «direxistis
998 1283 1029 1344 in
1052 1298 1179 1364 peccato
1199 1282 1229 1345 dt
1247 1283 1366 1358 dolore;
1385 1303 1440 1344 vos
1461 1285 1513 1364 qui
1532 1282 1648 1344 bonurn
1668 1281 1824 1363 ignorastis

813 1398 825 1431 t
837 1391 935 1452 agere,
945 1372 1118 1432 moriamini
1129 1391 1200 1432 cum
1210 1369 1310 1432 salute.
1322 1368 1427 1432 Brevis
1437 1390 1527 1448 mors,
1537 1368 1658 1451 grandis
1669 1370 1747 1444 vita,
1758 1391 1826 1451 par-

811 1485 824 1518 r
838 1457 1108 1535 vumdemeritum,
1116 1455 1164 1518 sed
1173 1478 1315 1540 magnum
1323 1459 1481 1540 premium.
1490 1457 1596 1520 Slvere
1604 1453 1739 1518 converst
1748 1455 1826 1536 estis,

810 1572 824 1603 ‹
837 1545 1193 1620 convertiminimecum3
1207 1543 1288 1626 quia,
1298 1547 1350 1627 qui
1358 1545 1473 1626 incepit
1483 1544 1582 1607 &non
1591 1543 1827 1625 perseveraverit,

811 1631 932 1694 «nichil
946 1631 1001 1708 est,
1021 1631 1069 1695 sed
1085 1631 1340 1713 perseverantibus
1354 1632 1492 1694 tribuitur
1506 1651 1620 1694 merces
1634 1630 1664 1694 dt
1677 1652 1824 1694 corona.»

809 1718 917 1782 Finitis
940 1718 1126 1782 sermonibus
1141 1719 1213 1782 Deo
1231 1719 1260 1781 se
1274 1718 1491 1782 commendans
1505 1719 1638 1781 cucurrit
1660 1719 1695 1780 ad
1710 1717 1826 1802 hostes3

810 1821 927 1869 tantum
940 1827 1012 1867 cum
1026 1806 1184 1884 conversts,
1203 1805 1270 1870 fisus
1285 1807 1375 1890 digna
1387 1805 1456 1884 fide,
1476 1805 1569 1868 fultus
1584 1805 1646 1870 Dei
1668 1806 1773 1888 gratia,
1787 1803 1826 1867 stc

809 1894 933 1957 deducit
945 1893 1114 1956 vibrantem
1133 1894 1255 1972 hastam,
1278 1894 1357 1977 quast
1371 1893 1447 1956 alter
1460 1891 1580 1956 lonatas
1594 1915 1666 1956 cum
1679 1895 1826 1977 armigero

810 1979 1034 2044 Philistinorum
1057 1981 1204 2062 percutiat
1223 1981 1391 2044 stationem.
1415 1978 1554 2042 intuetur
1575 1979 1627 2041 diu
1649 1979 1826 2062 belligerans

809 2067 1101 2130 acommilitonibus
1126 2083 1242 2130 tantum
1263 2083 1420 2150 percutere
1439 2088 1563 2150 gregem
1583 2067 1741 2148 resumptis
1754 2068 1827 2128 viri-

809 2156 875 2233 bus,
898 2154 926 2217 se
939 2177 1002 2217 non
1018 2154 1137 2233 milites,
1158 2177 1215 2218 nec
1229 2155 1366 2218 strenuos
1390 2155 1575 2217 fatebantur:
1599 2156 1715 2235 impetu
1731 2155 1827 2217 subito

810 2241 890 2303 fabio
905 2239 1075 2305 insecuntur
1094 2243 1236 2304 audadier
1249 2243 1306 2304 iter
1320 2243 1399 2305 eius:
1421 2242 1459 2304 stc
1474 2240 1604 2303 militare
1619 2241 1747 2322 implent
1760 2243 1828 2304 offi-

810 2328 902 2406 cium,
916 2345 951 2390 ut
963 2330 1061 2391 subito
1073 2328 1255 2411 perfidorum
1269 2345 1338 2392 ruat
1351 2329 1509 2392 innumera
1523 2328 1687 2390 multitudo
1701 2327 1731 2390 dt
1746 2328 1828 2411 pros-

809 2417 898 2478 travit
906 2437 980 2498 grex
992 2413 1113 2498 pustllus
1125 2432 1275 2479 catervam
1288 2416 1456 2479 infidelium
1467 2413 1548 2496 quast
1559 2414 1716 2495 infinitam,
1727 2415 1757 2479 dt
1768 2417 1826 2478 im-

810 2502 926 2583 pletum
937 2502 1069 2586 estquod
1082 2505 1198 2566 didium
1208 2506 1278 2566 esta
1291 2504 1529 2587 psalmographo,
1536 2503 1618 2585 quod
1632 2524 1733 2567 «unus
1744 2502 1828 2566 mille

810 2589 865 2652 t&
879 2592 941 2653 duo
959 2591 1096 2672 fugarent
1110 2593 1216 2654 decern
1231 2591 1351 2654 millia»
1369 2594 1395 2672 (r
1414 2591 1503 2669 Sam,
1517 2609 1607 2669 xvm,
1621 2600 1660 2672 7).
1684 2589 1828 2654 Preliatus

809 2699 882 2760 ergo
897 2678 993 2759 prelia
1007 2676 1148 2759 Domini,
1171 2678 1210 2742 stc
1224 2701 1337 2742 nomen
1352 2679 1456 2741 militis
1471 2695 1594 2761 propter
1609 2679 1744 2740 officium
1759 2699 1828 2761 pro-

809 2765 927 2826 meruit.
942 2766 1003 2828 Hic
1017 2781 1157 2846 armatus,
1171 2766 1254 2828 velut
1268 2767 1405 2828 habitum
1419 2765 1470 2844 esl,
1484 2781 1553 2827 ante
1568 2765 1744 2828 Damietam
1758 2787 1827 2829 cum

809 2851 925 2933 populo
940 2851 1112 2915 Christiano
1136 2855 1253 2931 circuit,
1277 2874 1417 2935 querens,
1442 2870 1475 2915 ut
1499 2855 1607 2934 capiat.
1633 2853 1725 2915 Unde
1747 2855 1828 2934 prius

809 2937 888 2998 fadla
898 2939 1103 3019 predicatione
1117 2941 1153 3002 ad
1169 2941 1329 3023 populum,
1342 2940 1472 3003 eundem
1487 2939 1614 3003 mirifice
1628 2941 1828 3004 confortabat.

810 3023 944 3087 Dicebat
954 3027 1048 3088 enim:
1064 3027 1398 3092 ‹TradiditDominus
1408 3027 1830 3105 nobisDamietecivitatem3

811 3111 942 3194 «surgite
956 3113 1104 3192 celeriter,
1119 3130 1249 3197 pugnate
1263 3115 1398 3194 viriliter,
1412 3131 1527 3197 pugnat
1542 3133 1597 3196 pro
1611 3115 1700 3177 nobis
1714 3114 1830 3178 Domi-

811 3221 901 3279 «nus,
915 3222 967 3261 non
980 3202 1019 3282 est
1033 3203 1080 3283 qui
1093 3203 1125 3264 de
1135 3204 1287 3264 manutius
1298 3202 1378 3286 poffit
1390 3225 1486 3264 eruere
1498 3200 1605 3284 (Dent.
1621 3221 1724 3280 xxxn,
1735 3203 1798 3284 39)!
1815 3227 1828 3262 v

810 3287 878 3349 Hec
896 3288 1024 3370 armiger
1044 3289 1119 3368 eius,
1140 3291 1191 3371 qui
1213 3289 1279 3371 post
1299 3291 1418 3353 obitum
1438 3289 1522 3351 suum
1536 3291 1660 3352 veniens
1674 3292 1711 3354 ad
1726 3289 1830 3352 locum

810 3375 908 3452 istum,
920 3376 1015 3457 gratia
1029 3373 1164 3439 vifitandi
1183 3381 1346 3439 enarravit:
1362 3377 1438 3440 dixit
1451 3378 1544 3455 enim,
1557 3379 1630 3459 quia
1643 3377 1673 3440 dt
1688 3379 1718 3439 in
1733 3378 1830 3460 prelio

809 3461 863 3525 illo
871 3461 1061 3538 deservierat;
1069 3465 1121 3546 qui
1129 3464 1393 3546 quidemanostris
1401 3464 1641 3528 visusttlocutus
1648 3465 1756 3528 nolliis
1766 3465 1830 3527 die-

808 3551 864 3612 bus
875 3551 1056 3629 viventibus,
1067 3550 1176 3633 quibus
1184 3550 1277 3614 fidem
1288 3553 1474 3616 adhibemus.
1483 3551 1647 3616 Referebat
1657 3553 1750 3632 enim,
1760 3575 1830 3635 pte-

809 3638 961 3699 dicatione
970 3638 1032 3700 iam
1046 3638 1083 3700 ab
1095 3638 1216 3702 Abbate
1225 3640 1389 3722 completa,
1403 3639 1540 3703 lanceam
1550 3641 1706 3722 arripiens,
1717 3663 1829 3724 equum

809 3724 973 3804 stimulans,
983 3726 1089 3788 lancea
1102 3729 1174 3788 mox
1190 3742 1307 3807 portam
1322 3728 1452 3790 civitatis
1463 3729 1670 3809 contingebat,
1680 3749 1739 3811 que
1753 3745 1829 3792 nutu

811 3813 873 3876 Dei
887 3814 967 3877 ultro
981 3829 1085 3895 aperta
1098 3812 1141 3876 est
1158 3815 1196 3893 ei,
1219 3813 1249 3876 δι
1269 3835 1340 3876 curn
1362 3814 1418 3878 suis
1440 3815 1554 3877 ibidem
1579 3814 1757 3898 subintrans,
1776 3838 1831 3879 ne-

810 3906 925 3967 minem
938 3903 991 3986 qui
1005 3902 1033 3964 se
1043 3899 1138 3984 pollet
1148 3902 1320 3980 defendere,
1327 3917 1378 3964 aut
1388 3903 1480 3964 etiam
1491 3919 1661 3986 protegere,
1678 3921 1830 3986 repetunt

968 4054 975 4075 '
1018 4095 1071 4144 11.
1093 4087 1321 4140 wrtrrntmos
1346 4087 1622 4162 ecmuvoauus,

1155 4218 1323 4288 Chronicon
1350 4231 1488 4300 μευ).

1065 4348 1227 4418 [Mattbaeua
1241 4347 1520 4414 rememorarem,
1534 4349 1578 4419 tt]

1313 4451 1333 4494 2

849 4561 949 4624 Huius
965 4563 1107 4647 [Honorij
1122 4560 1180 4646 III]
1204 4581 1342 4647 ternpore
1357 4565 1519 4629 Christiani
1534 4564 1712 4628 Damiatam
1738 4588 1827 4649 cepe·
1843 4609 1865 4653 p,
1876 4604 1922 4653 499

811 4665 891 4728 tunt,
904 4649 951 4712 sed
968 4649 1104 4714 Saraceni
1116 4653 1242 4715 fortuito
1257 4652 1324 4715 casu
1335 4653 1532 4735 contingente
1546 4674 1614 4715 eam
1626 4653 1729 4735 postea
1744 4674 1830 4715 recu-

813 4753 1003 4820 petaverunt.
