4336 6572
565 1011 640 1102 70.
666 976 886 1072 Allericrrs
907 973 1043 1070 Trium
1066 973 1260 1070 Pontium.
1374 1002 1430 1099 95

409 1247 521 1312 balsami,
536 1247 694 1316 &nusquam
707 1245 798 1300 nisibi
813 1243 1240 1313 modocresoeredicirur,quiaibi
1260 1243 1294 1297 est
1310 1243 1376 1308 sona
1391 1243 1436 1296 ubi

409 1331 486 1384 beata
500 1327 586 1380 Maria
599 1327 700 1380 lavabar
711 1343 809 1396 pannos
818 1325 880 1390 Iesu,
889 1326 914 1378 a
924 1325 991 1378 hunc
999 1323 1094 1377 sontem
1105 1323 1213 1376 srmiliter
1221 1323 1348 1376 Sarraceni
1357 1325 1436 1377 hono·

321 1420 397 1472 p909
410 1421 476 1464 rant.
498 1410 541 1462 De
552 1407 645 1479 Kayro
657 1406 735 1476 usque
746 1405 931 1458 Alexandriam
945 1423 958 1469 3
972 1404 1038 1458 diete
1050 1421 1094 1474 per
1107 1416 1199 1456 terram
1212 1405 1235 1456 δι
1248 1408 1264 1456 6
1279 1421 1323 1472 per
1335 1421 1435 1473 aquam.

410 1491 469 1544 Hoc
481 1487 575 1540 flumen
588 1503 639 1538 non
652 1487 685 1540 esl
698 1486 768 1538 iuxta
781 1502 867 1538 muros
879 1484 1044 1550 Alexandrie,
1056 1483 1098 1536 sed
1112 1483 1296 1554 aliquantulum
1316 1482 1401 1554 longe,
1412 1486 1436 1537 dr

411 1569 445 1623 est
458 1567 493 1620 ibi
506 1566 583 1630 sarua,
595 1565 661 1618 unde
674 1565 759 1618 vident
773 1565 798 1618 in
812 1564 873 1618 mari
886 1577 962 1618 naute
974 1564 1057 1636 ignem
1070 1563 1153 1616 lucere
1164 1564 1197 1615 de
1209 1565 1291 1628 noble,
1304 1575 1332 1616 ut
1348 1563 1436 1633 possrnt

411 1659 512 1719 portum
527 1657 617 1699 tenere.
630 1646 660 1697 In
675 1645 833 1698 Alexandria
850 1643 883 1697 esl
896 1643 998 1697 ecclesra
1011 1643 1087 1698 sandli
1104 1642 1188 1696 Marci
1201 1643 1226 1696 δι
1238 1642 1293 1695 sunt
1310 1641 1345 1695 ibi
1358 1642 1437 1696 multe

412 1726 513 1781 ecclefie
526 1725 686 1778 surianorum
700 1727 723 1777 dr
737 1723 937 1777 Iacobianorum.

321 1815 395 1910 591¹
451 1796 547 1858 Anno
564 1809 647 1856 1221.
667 1803 716 1856 Hic
729 1804 813 1857 scribit
823 1804 932 1856 summus
948 1803 1061 1876 pontifex
1076 1802 1203 1856 Honorius
1213 1801 1329 1854 omnibus
1340 1801 1436 1855 archie-
1452 1825 1508 1861 τιτι

228 1862 397 1975 Α”Ἥί
411 1883 517 1954 piscopis
531 1884 682 1950 Galliarum,
688 1883 838 1937 cardinalem
850 1883 981 1953 Pelagium
991 1882 1129 1953 scripsisses
1139 1882 1250 1953 partibus
1261 1881 1438 1950 transmarinis,

268 1943 304 1990 η’
375 1939 398 1985 ⁷⁶
411 1964 479 2033 quod
493 1982 536 2017 rex
550 1964 646 2030 David,
658 1965 700 2033 'qui
713 1963 830 2034 presbiter
842 1964 966 2017 lohannes
979 1963 1127 2034 appellator,
1139 1962 1176 2014 vir
1197 1962 1287 2015 timens
1304 1963 1398 2028 Deum,
1411 1963 1437 2015 in

410 2059 487 2097 manu
511 2044 608 2114 potenti
630 2044 755 2098 Persidem
777 2043 898 2113 ingressus
920 2044 944 2096 dr
971 2043 1075 2096 soldano
1094 2041 1198 2095 Perfidia
1221 2041 1286 2094 bello
1309 2041 1438 2112 campestri

409 2123 519 2190 derisio,
532 2135 623 2177 terram
637 2123 688 2176 cius
698 2141 742 2194 per
757 2141 791 2188 ²4
803 2123 883 2175 dietas
895 2122 1015 2175 invadens
1025 2123 1048 2174 dr
1057 2121 1225 2191 occupana,in
1234 2139 1263 2174 ea
1272 2132 1341 2174 tenet
1349 2139 1439 2192 quam-

410 2204 493 2275 plures
506 2203 615 2256 ιιιιιιιίιιι
629 2203 742 2258 civitatee
754 2206 778 2256 dr
791 2204 881 2271 aare,
902 2213 1053 2272 tantumque
1070 2204 1104 2255 ab
1122 2200 1163 2254 illa
1183 2214 1253 2270 parte
1272 2202 1395 2272 processu,
1411 2215 1438 2257 ut

410 2282 505 2338 nonnis
519 2300 562 2352 per
579 2301 610 2335 ιο
623 2282 703 2336 dietas
714 2282 788 2336 dillet
805 2282 927 2336 exercitus
940 2281 992 2335 eius
1008 2299 1024 2334 a
1044 2281 1156 2346 Bendas,
1177 2281 1287 2333 maxima
1303 2283 1328 2334 dr
1344 2281 1440 2336 samosa

410 2363 523 2427 civitate,
534 2378 583 2429 que
596 2360 680 2425 calise,
692 2361 743 2413 eius
758 2360 881 2426 videlicet,
900 2378 976 2431 quem
997 2360 1125 2414 Sarraceni
1146 2361 1216 2413 suum
1229 2360 1382 2414 sacerdotem
1395 2379 1440 2432 ap·

410 2439 511 2512 pellant,
524 2440 593 2493 sedes
608 2439 657 2493 esse
669 2439 760 2492 dicitur
770 2439 887 2510 specialis.
909 2437 988 2492 Cuius
1005 2439 1095 2491 timore
1109 2437 1226 2491 soldanus
1245 2438 1361 2509 Halapie,
1378 2458 1440 2512 cog·

410 2530 484 2573 natus
497 2517 657 2571 soldanorum
672 2517 776 2570 fratrum
792 2515 943 2570 Damasci&
960 2515 1102 2582 Babilonie,
1114 2517 1176 2570 vires
1195 2517 1258 2582 suas,
1272 2536 1335 2589 quae
1352 2536 1440 2590 prepa-

410 2611 508 2651 raverat
521 2608 608 2651 contra
621 2597 780 2650 chrislianum
800 2597 946 2662 exercitum,
964 2597 1010 2666 qui
1028 2596 1148 2651 Damiate
1167 2597 1283 2664 conlisit,
1298 2599 1440 2668 compulsus

410 2676 446 2730 est
458 2687 546 2729 contra
560 2693 645 2746 regem
659 2689 804 2729 convertere
816 2687 995 2744 memoratum
1008 2677 1032 2728 tr
1045 2677 1114 2747 quod
1130 2675 1197 2729 idem
1210 2676 1308 2746 legatus
1322 2675 1440 2746 Pelagius

412 2755 476 2809 milit
497 2755 602 2809 nuncios
620 2756 677 2808 suos
695 2756 721 2808 in
741 2756 892 2825 Avigoiam,
909 2768 1000 2809 terram
1024 2756 1238 2826 Georgianorurn,
1255 2755 1298 2827 qui
1318 2757 1374 2810 sunt
1394 2755 1440 2810 viri

412 2834 527 2890 catholici
541 2836 565 2889 dc
578 2847 692 2904 potentes
704 2834 729 2887 in
743 2835 827 2900 armis,
841 2852 870 2888 ro
889 2852 933 2887 ans
945 2836 970 2888 δι
983 2835 1125 2900 obsecrans,
1138 2847 1166 2888 ut
1178 2837 1203 2888 dr
1219 2835 1262 2905 ipsr
1274 2853 1305 2888 ex
1316 2846 1388 2905 parte
1398 2837 1440 2888 sua

413 2932 530 2985 guerram
539 2925 659 2968 moveant
667 2915 814 2968 sarracenis.
825 2899 861 2965 Ῑιι
870 2853 982 2969 litteris
992 2905 1094 2983 etlam,
1102 2925 1176 2987 quas
1188 2905 1334 2967 miserunt
1340 2903 1441 2967 Tem-

220 3010 300 3060 ffl.
314 3005 339 3053 aa
353 3014 402 3063 rege
416 2982 500 3067 plarij
511 2983 994 3067 legebatur,quodidemresDarridin
1004 2996 1117 3063 partibus
1127 2992 1441 3048 Orientisiuxtal’ersrdem

267 3065 356 3125 Dm'lr
415 3073 544 3144 quoddam
556 3089 664 3143 regnum
678 3073 816 3143 acquisrvit,
834 3073 859 3126 in
875 3089 927 3143 quo
941 3074 994 3126 sunt
1011 3089 1060 3138 300
1072 3074 1196 3139 civitates,
1211 3073 1320 3144 exceptis
1340 3073 1441 3127 castellis

246 3142 281 3189 ’ί
289 3135 403 3198 zm‘k‘r
414 3155 439 3206 dr
451 3152 616 3217 casalibus,&
635 3152 703 3206 aliud
717 3170 832 3222 regnum,
844 3153 869 3206 in
882 3170 934 3223 quo
946 3153 1003 3206 sunt
1017 3171 1068 3219 3oo
1080 3154 1178 3208 circiter
1190 3171 1248 3206 cum
1267 3153 1380 3220 castellis,
1395 3153 1442 3207 llu-

263 3218 298 3266 11·
307 3213 386 3264 53‘57'
415 3233 483 3286 mina
496 3237 529 3286 66
544 3232 678 3298 currentia,
689 3233 713 3285 δι
727 3231 796 3302 quod
808 3233 943 3286 exercitum
957 3233 1029 3286 suurn
1040 3231 1066 3286 in
1078 3250 1112 3298 40
1122 3232 1235 3303 partibus
1248 3231 1335 3301 dirifit,
1343 3235 1368 3287 a
1379 3251 1443 3304 qua·

416 3309 479 3365 libet
494 3321 565 3381 parte
581 3330 684 3365 rooooo
698 3324 867 3382 pugnatorum
882 3311 1018 3365 constituit.

455 3390 552 3451 Anno
570 3406 654 3452 1220.
678 3387 749 3452 Posi
761 3390 938 3472 captionem
960 3387 1105 3452 Damiate
1119 3388 1249 3472 quedam
1263 3390 1388 3452 inventa
1400 3387 1443 3452 est
1457 3416 1517 3453 1220

417 3477 579 3560 prophetia
600 3477 631 3540 in
652 3477 769 3560 templo
784 3475 1021 3541 sarracenorum
1043 3477 1151 3541 litteris
1165 3476 1311 3542 Cbaldeis
1324 3476 1444 3560 scripta,

416 3585 509 3650 quam
533 3565 665 3628 domnus
685 3563 834 3650 Pelagius,
854 3562 1034 3630 Albanensra
1058 3565 1216 3649 episcopua
1236 3564 1444 3630 cardinalis&

416 3654 532 3736 legatus
547 3652 577 3714 in
593 3654 728 3736 partibus
745 3653 815 3733 illis,
834 3655 864 3716 in
886 3653 1033 3718 Latinum
1054 3654 1127 3716 secit
1147 3653 1309 3732 uerisserri,
1323 3652 1353 3716 dr
1367 3653 1444 3717 misrt

416 3740 551 3804 Romam
563 3739 678 3804 domno
691 3762 783 3825 pape,
797 3763 890 3826 quam
904 3743 1028 3826 quidam
1040 3741 1178 3825 magister
1192 3738 1322 3805 Iacobus
1333 3742 1445 3805 consti·

417 3843 500 3894 tutus
515 3849 533 3889 a
546 3828 663 3892 domno
678 3850 757 3913 papa
770 3829 886 3913 legante
910 3829 1070 3909 Hibernia
1083 3852 1101 3893 a
1121 3829 1223 3893 Roma
1240 3831 1352 3894 detulit
1371 3831 1444 3896 Cla·

417 3915 605 3996 ramvallem,
615 3917 741 3981 tendens
756 3918 946 3981 Hiberniam.
958 3913 994 3979 In
1006 3917 1063 3980 bac
1075 3918 1236 4001 prophetia
1246 3919 1446 3983 astronomica

418 4001 516 4066 multa
529 4004 766 4067 continebantur
779 4004 816 4067 de
830 4004 898 4083 hiis,
911 4025 972 4090 que
987 4006 1131 4088 preterita
1145 4004 1212 4068 sunt
1232 4007 1263 4069 in
1278 4022 1356 4071 terra
1371 4027 1444 4089 pro-

420 4089 576 4168 miffionis,
586 4090 624 4153 de
635 4090 808 4170 Noradino,
818 4093 855 4155 de
867 4091 1060 4170 salahadino,
1070 4093 1108 4156 de
1119 4095 1262 4176 captione
1275 4091 1446 4172 Ierusalem,

420 4179 458 4242 de
472 4178 594 4242 duobus
606 4179 727 4264 regibus
742 4178 885 4263 Philippo
910 4179 1049 4260 Francia,
1070 4179 1225 4244 Richardo
1248 4180 1372 4266 Anglie,
1391 4185 1445 4267 qui

420 4269 536 4330 Acram
550 4283 815 4350 recuperaverunt,
826 4272 864 4332 de
878 4268 1066 4333 subversrone
1080 4267 1239 4332 Ascalonia
1249 4270 1279 4333 δι
1289 4270 1327 4332 de
1342 4269 1447 4334 multis

419 4353 497 4432 aliie,
511 4354 571 4416 iam
595 4353 681 4419 fanis
704 4356 736 4419 in
759 4371 838 4419 terra
858 4355 1071 4439 promiffionis,
1091 4355 1121 4419 δι
1145 4357 1228 4439 quod
1248 4377 1328 4419 anno
1349 4375 1388 4442 29
1408 4357 1447 4421 ab

421 4441 505 4504 Acta
519 4459 697 4524 recuperata
710 4443 858 4527 capienda
871 4440 943 4507 ell'et
965 4466 982 4508 a
999 4441 1166 4508 christianis
1186 4443 1340 4523 Damieta,
1360 4444 1390 4509 δι
1408 4447 1446 4510 de

422 4537 547 4623 Pelagio
571 4541 718 4606 cardinali
737 4541 835 4606 multa
855 4540 898 4604 ibi
918 4540 1112 4619 notabantur,
1132 4562 1193 4624 que
1214 4542 1292 4604 sorte
1310 4540 1398 4606 aliter
1418 4543 1447 4607 se

420 4625 602 4690 babuerunt.
623 4627 725 4692 Huius
745 4629 831 4694 modi
852 4629 935 4692 enim
957 4629 1127 4712 prophetia,
1147 4628 1220 4692 licet
1240 4631 1271 4690 in
1295 4627 1447 4714 aliquibus

421 4733 529 4778 verum
548 4713 640 4796 dicar,
659 4715 690 4779 in
708 4716 812 4782 multia
831 4732 933 4782 tamen
957 4716 1080 4802 decipit.
1104 4715 1279 4782 Notabatur
1304 4720 1396 4782 etiam
1415 4721 1446 4787 in
