4110 6594
804 915 889 1004 340
1192 881 1414 976 Addendn.

730 1152 788 1198 ¹²¹7
803 1135 878 1216 cell,
894 1139 977 1221 quod
998 1159 1075 1221 papa
1095 1140 1241 1203 morietur
1260 1139 1291 1201 ἀ
1304 1141 1446 1202 dominus
1464 1155 1533 1204 tuus
1546 1140 1578 1201 ei
1604 1133 1875 1198 substituetur.»

802 1223 945 1307 Cumque
960 1227 997 1288 de
1018 1229 1078 1289 hoc
1098 1226 1182 1290 nulla
1195 1226 1259 1310 spes
1273 1227 1435 1290 haberetur
1457 1226 1496 1288 ab
1518 1227 1589 1309 ipso
1623 1238 1694 1286 aut
1724 1222 1771 1284 ab
1797 1221 1878 1298 aliis,

802 1312 965 1394 respondit,
992 1312 1020 1374 se
1043 1314 1104 1376 hoc
1128 1317 1178 1376 vix
1199 1312 1280 1396 poll'e
1305 1315 1437 1376 credere.
1460 1313 1555 1376 Tunc
1576 1314 1642 1374 vir
1674 1308 1742 1371 ille
1769 1306 1876 1371 nrrl'ua

657 1425 668 1448 ·
802 1397 896 1460 dixit:
926 1399 1044 1478 «Scias,
1071 1401 1130 1463 hoc
1158 1403 1200 1464 ita
1219 1399 1277 1463 elle
1297 1423 1414 1480 verum,
1433 1401 1507 1464 licut
1533 1421 1665 1464 verum
1692 1397 1759 1476 est,
1786 1396 1874 1479 quod

803 1485 919 1548 «hodie
933 1487 1039 1551 civitas
1061 1487 1326 1552 Hierosolimitana
1338 1511 1357 1552 a
1370 1488 1539 1552 sarracenis
1553 1487 1602 1551 est
1620 1504 1739 1568 capta
1754 1503 1823 1547 nec
1836 1484 1874 1546 ab

804 1571 893 1656 ‹ipsts
908 1577 1019 1655 poterit
1035 1575 1153 1639 liberari
1169 1577 1260 1658 usque
1280 1578 1317 1640 ad
1333 1594 1471 1660 tempora
1484 1579 1528 1639 tui
1549 1573 1789 1658 pontificante
1802 1573 1873 1635 Ro-

803 1663 919 1740 «mani,
932 1661 962 1724 δι
977 1678 1049 1725 tunc
1062 1662 1245 1727 liberabitur.
1262 1690 1275 1721 ›
1293 1665 1351 1727 His
1364 1665 1453 1728 dietis
1467 1664 1616 1746 disparuit
1634 1664 1696 1724 vir
1712 1661 1787 1724 ille.

842 1749 925 1813 Cum
938 1749 1009 1812 effet
1023 1772 1153 1832 corpore
1166 1750 1310 1815 'infirmus
1323 1774 1361 1814 ex
1375 1751 1457 1814 senio
1472 1751 1501 1814 δι
1524 1750 1606 1813 ultra
1634 1749 1797 1812 modum
1813 1751 1871 1810 de-
1882 1785 1902 1828 μ
1912 1781 1945 1826 n

802 1837 880 1911 bilis,
904 1836 1079 1916 affirmabat,
1098 1837 1224 1900 firmiter
1244 1837 1272 1900 se
1297 1838 1431 1917 credere,
1455 1839 1612 1902 civitatem
1645 1837 1810 1899 saneim
1837 1837 1868 1898 iu

802 1925 887 1986 brevi
900 1922 958 1987 effe
980 1927 1227 2007 recuperandam.
1242 1925 1319 2076 guo
1334 1948 1458 1989 rumore
1473 1927 1593 2009 plurimi
1612 1926 1865 1989 Romanorum

801 2013 923 2074 excitati
938 2033 1028 2074 cruce
1042 2012 1108 2075 sunt
1122 2009 1236 2095 signati.
1272 2033 1341 2076 ama
1360 2036 1484 2097 quoque
1498 2015 1587 2078 huius
1609 2013 1780 2076 rumoris
1809 2031 1867 2092 per

802 2099 1016 2162 Alamanniam
1040 2100 1193 2183 divulgata
1214 2100 1326 2164 multos
1351 2103 1389 2163 ad
1408 2101 1583 2164 sumendam
1607 2120 1767 2164 crucem
1794 2100 1863 2161 ani-

802 2202 906 2251 mavit.

841 2272 1050 2337 Predicatores
1065 2296 1188 2357 quoque
1207 2274 1254 2337 his
1269 2275 1454 2357 temporibus
1469 2274 1565 2336 multa
1583 2273 1650 2336 alia
1667 2271 1859 2337 afferebant
1992 2253 1994 2346 l

801 2358 958 2442 contigisse
972 2357 1053 2443 ligna
1066 2363 1096 2422 in
1114 2360 1181 2423 celo
1196 2363 1226 2425 δι
1240 2363 1271 2424 in
1286 2377 1373 2440 terra,
1384 2383 1444 2444 que
1458 2361 1584 2443 longum
1598 2358 1685 2425 eil'et
1714 2381 1858 2423 enume-

801 2468 867 2510 rare
881 2447 993 2511 &huic
1008 2448 1152 2511 brevitate
1166 2449 1335 2512 annediere.
1990 2447 1992 2498 l

730 2561 788 2612 ,ης
843 2537 936 2598 Anno
951 2533 1079 2598 Domini
1107 2536 1242 2600 1218...
1258 2583 1288 2597 ..
1313 2535 1356 2599 Et
1378 2535 1450 2620 quia
1473 2535 1651 2619 dispositum
1681 2538 1796 2600 sumt
1822 2537 1853 2596 in
1991 2512 1992 2560 l

722 2623 936 2699 1„1‚,eoncilio
956 2623 1099 2706 generali,
1115 2641 1149 2686 ut
1169 2645 1207 2686 eo
1221 2646 1301 2687 anno
1316 2627 1346 2686 in
1363 2623 1493 2687 Kalend.
1508 2623 1576 2708 lulij
1603 2647 1710 2688 cruce
1739 2624 1853 2707 fignuti

803 2713 860 2775 iter
873 2713 1050 2794 arriperent,
1070 2714 1157 2775 multi
1178 2713 1216 2774 de
1236 2713 1371 2795 partibus
1385 2712 1569 2776 Alamannie
1583 2713 1849 2795 proficiscuntur.

803 2797 858 2860 Ast
871 2819 911 2860 ne
929 2815 1063 2883 pergant,
1077 2803 1108 2862 in
1122 2800 1294 2863 civitatibus
1317 2799 1432 2881 Apulie
1447 2800 1669 2882 impediuntur,
1687 2799 1745 2863 sed
1772 2817 1850 2860 auc-

803 2886 924 2949 toritate
945 2886 1021 2950 sedis
1043 2887 1207 2970 apostolice
1228 2903 1333 2950 votum
1348 2909 1456 2950 eorum
1467 2887 1602 2949 differtur
1619 2889 1651 2951 ie
1668 2886 1845 2950 inutilibus

802 2975 967 3037 remittitur
981 2995 1034 3056 per
1047 2974 1334 3058 compensationem.

840 3225 903 3306 123
914 3211 972 3278 bis.
999 3211 1084 3278 Liber
1093 3211 1291 3298 fundationis
1308 3215 1428 3301 monast.
1444 3212 1619 3305 Zwetlenfii
1636 3223 1688 3290 (-
1710 3225 1804 3285 13¹¹).

928 3391 1018 3456 [Fontes
1030 3406 1115 3442 term
1126 3389 1215 3458 Aust„
1227 3388 1332 3457 Diptom.
1349 3391 1377 3442 U
1385 3393 1458 3454 Aea,
1469 3391 1503 3454 Π,
1515 3391 1603 3455 wien,
1618 3397 1665 3457 ¹⁸5
1674 3391 1710 3460 ι.]

1305 3521 1324 3562 *
1410 3551 1418 3564 .

845 3658 895 3721 De
909 3672 1007 3720 morte
1020 3673 1123 3720 autem
1133 3655 1312 3720 dilebiiffimi
1324 3657 1491 3719 fumdatoria
1504 3655 1596 3717 nostri
1614 3655 1738 3718 domini
1744 3653 1832 3716 Had-
1843 3665 1895 3728 μό

803 3747 877 3810 mari
893 3744 1014 3808 secundi
1028 3745 1066 3807 de
1094 3744 1256 3828 Chunring
1270 3743 1396 3806 scribere
1417 3744 1555 3826 cogimur
1575 3743 1672 3820 inviti,
1691 3744 1749 3826 qui
1766 3740 1832 3824 poli

804 3849 849 3898 tot
862 3834 892 3897 dt
906 3849 990 3896 tanta
1003 3831 1150 3895 beneficia
1170 3829 1352 3894 monasterio
1372 3831 1473 3893 nostro
1496 3829 1628 3912 impensa
1648 3832 1711 3894 boc
1734 3831 1829 3892 modo

802 3920 936 3986 noscitur
960 3918 1097 4004 migralle
1121 3921 1159 3982 de
1179 3920 1239 3982 hoc
1262 3919 1371 3981 seculo.
1391 3917 1553 4001 Postquam
1566 3919 1711 3982 dominus
1733 3913 1830 3980 Iuno·

803 4011 921 4072 centius
946 4028 1024 4091 papa
1047 4008 1157 4070 tercius
1184 4006 1323 4090 generale
1343 4006 1512 4069 concilium
1539 4005 1715 4086 celebravit,
1739 4025 1826 4069 cnm-

804 4117 896 4160 mune
911 4093 1074 4179 pellagium
1098 4094 1197 4157 versus
1211 4091 1372 4157 Ierusalem
1394 4095 1425 4156 in
1440 4093 1599 4156 universali
1619 4092 1750 4156 ecclelia
1761 4093 1825 4156 fieri

805 4186 970 4264 mandavit,
985 4185 1014 4246 in
1029 4205 1091 4268 quo
1110 4184 1253 4246 mandato
1268 4183 1410 4246 fundator
1423 4185 1524 4246 noster
1542 4182 1727 4246 fidelitlimus
1741 4181 1824 4244 Had-

733 4299 791 4344 1217
806 4293 905 4338 marus
919 4273 1066 4338 secundus
1087 4294 1178 4336 cruce
1200 4272 1328 4354 figuatus
1341 4273 1392 4335 eil.
1413 4273 1496 4338 Cum
1517 4290 1620 4336 autem
1643 4275 1700 4334 iter
1725 4269 1824 4333 versun

806 4360 966 4426 lerusalem
980 4364 1011 4426 in
1026 4362 1235 4426 transmarinas
1249 4377 1348 4442 partes
1369 4362 1502 4444 arripere
1516 4359 1618 4439 vellet,
1635 4361 1733 4422 fertur
1743 4358 1822 4441 quud

805 4452 973 4534 capitulum
987 4452 1207 4513 monachorum
1218 4450 1249 4510 in
1261 4446 1381 4511 Zwetel
1395 4470 1413 4511 a
1426 4449 1566 4511 fratribus
1579 4447 1609 4510 dt
1623 4443 1822 4510 monacbis&

807 4540 914 4601 abbate
933 4539 1085 4602 licentiam
1104 4551 1282 4618 recepturus
1303 4538 1435 4614 intravit,
1453 4535 1587 4619 duosque
1604 4535 1684 4600 filins
1698 4533 1767 4599 suos
1780 4532 1822 4595 se·

806 4628 918 4706 niorea,
931 4626 1073 4690 videlicet
1080 4626 1298 4690 Hainricnm&
1309 4624 1510 4703 Hadmarum
1518 4625 1550 4686 in
1560 4625 1643 4687 idem
1655 4621 1819 4708 capitulum
