4362 6560
836 1015 925 1096 204
991 979 1234 1103 ‘l'eslimom'a
1260 979 1303 1070 in
1329 975 1737 1106 Germanioscriptu.

762 1270 821 1304 1220
834 1241 937 1319 nostri,
962 1239 1077 1320 legatus
1105 1238 1229 1300 nuntios
1258 1237 1294 1298 ad
1323 1236 1475 1299 Brennam
1496 1237 1600 1316 mittit,
1623 1237 1676 1320 qui
1700 1237 1858 1301 hominem

833 1343 989 1407 revocent,
1002 1349 1037 1390 ac
1049 1327 1211 1409 imperium
1226 1324 1375 1389 exercitus
1391 1325 1434 1387 illi
1449 1327 1596 1403 deserant,
1609 1347 1672 1408 quo
1686 1323 1757 1404 sine,
1770 1328 1858 1394 miles

831 1440 893 1480 non
913 1417 1009 1478 latum
1023 1417 1134 1498 pedem
1149 1413 1374 1498 progressurum
1387 1415 1415 1476 se
1430 1436 1484 1497 per
1499 1413 1599 1476 saneta
1613 1415 1771 1476 iuraverat.
1791 1416 1858 1480 Rex

830 1504 971 1584 Ioannes,
992 1505 1094 1567 audita
1107 1503 1212 1566 militis
1232 1504 1408 1586 pertinacia,
1422 1500 1490 1566 visis
1505 1501 1636 1585 publicis
1652 1503 1782 1583 nunciis,
1805 1509 1856 1587 qui

830 1593 973 1657 consensu
988 1594 1111 1656 militari
1122 1595 1198 1656 milli
1210 1595 1339 1671 fuerant,
1353 1593 1446 1655 etiam
1461 1589 1510 1654 sia
1522 1589 1645 1674 Pelagio
1658 1606 1748 1654 antea
1761 1594 1858 1675 sepius

830 1699 1002 1762 revocatus,
1021 1704 1116 1746 novas
1131 1683 1247 1765 semper
1260 1703 1323 1744 non
1338 1680 1479 1742 veniendi
1495 1699 1595 1741 moras
1609 1679 1768 1762 causasque
1781 1703 1858 1744 con-

831 1770 979 1851 texuisset,
1003 1772 1101 1834 vidtus
1123 1769 1336 1835 Columnensis
1358 1769 1459 1847 amici,
1483 1789 1518 1830 ac
1540 1767 1680 1850 fatigatus
1695 1790 1858 1850 procerum

831 1859 981 1941 precibus,
1003 1861 1127 1922 tandem
1148 1861 1259 1921 ducem
1281 1857 1343 1920 Dei
1368 1857 1498 1919 viventis
1522 1857 1680 1935 exercitui,
1705 1857 1733 1919 se
1758 1859 1858 1940 prebi-

759 1964 934 2010 initurum
954 1947 1117 2029 respondit
1143 1949 1263 2010 Audtus
1284 1949 1376 2029 igitur
1395 1945 1502 2024 milite,
1523 1961 1699 2008 commeatu
1713 1945 1743 2008 bt
1756 1949 1857 2025 armis,

831 2037 990 2119 postquam
1013 2037 1168 2099 decimum
1187 2035 1321 2098 mensem
1335 2035 1482 2112 abfuerat,
1508 2033 1685 2096 Damiatam
1711 2037 1857 2115 pervenit,

830 2122 1100 2187 acclamationibus
1129 2146 1164 2186 ac
1196 2124 1336 2185 omnium
1370 2121 1639 2203 imprecationibus
1677 2121 1776 2186 faustis
1804 2145 1857 2186 ex-

829 2228 946 2294 ceptus.
967 2211 1033 2275 lam
1057 2215 1282 2296 imperatorem,
1305 2211 1365 2272 iam
1389 2213 1511 2288 ducem,
1537 2211 1597 2270 iam
1611 2210 1856 2273 commilitonem

829 2297 857 2360 se
871 2299 981 2363 habere
1004 2301 1155 2364 exclamat
1177 2300 1275 2378 miles,
1296 2300 1356 2361 iam
1376 2298 1429 2382 qui
1450 2297 1547 2376 sacris,
1571 2297 1623 2380 qui
1639 2296 1720 2359 bello
1736 2298 1858 2380 presint,

829 2388 881 2470 qui
898 2390 954 2451 rite
976 2393 1081 2452 omnia
1105 2410 1208 2452 curare
1224 2388 1332 2470 possint
1357 2383 1464 2465 adesse,
1488 2407 1560 2448 cum
1582 2385 1698 2468 legatus
1719 2385 1857 2468 consilio,

829 2475 950 2539 Brenna
964 2480 1055 2540 armis
1068 2477 1290 2561 rempublicam
1305 2475 1474 2554 tutandam,
1488 2475 1646 2536 unanimes
1658 2472 1855 2558 suscepissent.

829 2560 881 2624 De
895 2562 1010 2624 summa
1024 2565 1078 2642 rei,
1103 2565 1262 2647 postquam
1278 2560 1345 2625 satis
1360 2561 1542 2622 humanitati
1556 2577 1648 2642 atque
1665 2561 1855 2643 amplexibus

828 2651 943 2730 datum,
957 2651 1169 2731 consultatum,
1183 2651 1232 2712 sed
1247 2649 1335 2712 variis
1350 2648 1513 2712 sententiis.
1540 2648 1675 2731 Legatos
1690 2651 1769 2713 ferro
1783 2673 1855 2714 cum

827 2739 911 2800 hoste
926 2741 1063 2822 protinus
1079 2740 1305 2803 decernendum
1319 2736 1388 2817 else,
1402 2737 1613 2801 consenescere
1626 2738 1768 2816 militem,
1781 2739 1855 2803 alias

827 2827 1011 2907 cunctando,
1036 2829 1187 2892 ocium&
1208 2827 1351 2890 desidiam
1377 2825 1557 2888 invalescere
1577 2825 1654 2887 hosti
1677 2847 1763 2888 mora
1777 2828 1854 2892 vires

826 2914 1005 2997 accrescere,
1019 2919 1162 2980 virtutem
1177 2917 1278 2998 augeri
1294 2916 1323 2979 bt
1337 2914 1492 2994 fiduciam,
1509 2914 1617 2977 nostris
1632 2915 1748 2977 tedium
1764 2931 1855 2998 atque
1868 2942 1950 2986 orm
1963 2940 2065 3002 sanast,

826 3017 1052 3087 contemptum,
1070 3005 1154 3087 spem
1175 3006 1324 3068 exinaniri
1345 3023 1479 3066 omnem.
1500 3015 1573 3066 vitto
1585 3013 1662 3079 holte,
1684 3014 1816 3067 autetiam
1830 3014 1854 3070 in
1878 3019 1900 3064 a·
1914 3005 2055 3062 ¹427·¹428

826 3093 908 3146 castris
927 3095 1024 3162 abdito,
1048 3098 1178 3168 Chayrum
1199 3097 1372 3162 obsidendam,
1394 3113 1444 3165 que
1464 3095 1560 3164 imperij
1575 3107 1661 3163 caput,
1680 3112 1733 3164 quo
1753 3095 1854 3164 succiso,

826 3176 959 3243 Egyptum
981 3193 1083 3229 omnem
1108 3177 1332 3229 intermorituram.
1363 3179 1466 3228 Summa
1488 3173 1593 3240 consilii,
1620 3185 1664 3225 aut
1687 3176 1856 3242 Meledinum,

826 3255 907 3306 exutis
938 3255 1031 3321 castris,
1056 3269 1137 3309 morte
1163 3255 1202 3309 vel
1228 3256 1300 3324 suga,
1333 3257 1439 3326 Egypto
1464 3253 1622 3318 eiiciendum,
1651 3265 1695 3306 aut
1723 3255 1854 3327 Chayrutn

826 3333 925 3404 tyranni
938 3348 1038 3405 recepta
1052 3337 1159 3401 cultum,
1174 3337 1345 3389 evertendam.
1361 3339 1460 3388 Brenna
1474 3351 1517 3386 rex
1532 3347 1656 3403 expertus,
1669 3351 1746 3402 quam
1759 3353 1855 3405 magno

825 3413 935 3482 periculo
948 3414 1078 3485 superioris
1090 3416 1187 3487 Egypti
1201 3435 1243 3468 rex
1258 3427 1423 3480 tentarentur,
1444 3415 1475 3466 de
1490 3412 1639 3483 Hierolyma
1651 3415 1723 3478 urbe,
1740 3414 1773 3468 de
1786 3415 1855 3469 sacra

825 3493 952 3560 provincia
973 3506 1100 3548 certamen
1123 3494 1181 3561 effe,
1205 3514 1255 3548 non
1277 3496 1309 3548 de
1324 3495 1452 3565 Memphi,
1473 3511 1524 3547 non
1537 3495 1569 3547 de
1582 3495 1727 3566 Babylone,
1751 3512 1802 3547 non
1822 3495 1855 3548 de

825 3573 924 3626 Thebis
936 3574 1046 3640 dicebat,
1059 3593 1121 3645 quas
1135 3577 1211 3628 etiam
1226 3589 1382 3646 expugnatas
1396 3576 1420 3628 in
1436 3575 1487 3627 lide
1500 3575 1606 3628 retinere
1619 3592 1694 3627 nemo
1706 3575 1786 3644 poffit.
1807 3576 1853 3628 Ad

826 3653 939 3722 Syriacas
967 3655 1070 3725 seipsum
1093 3669 1237 3721 evocatum,
1266 3657 1340 3710 malle
1368 3657 1392 3708 se
1413 3655 1645 3726 Hierosolymamm
1666 3673 1753 3724 regem
1776 3674 1853 3727 quam

825 3735 959 3804 Egyptum
982 3735 1107 3789 sultanum
1130 3737 1189 3789 dici.
1215 3740 1266 3790 Res
1290 3737 1407 3808 syriacas,
1429 3737 1462 3786 ab
1488 3735 1586 3805 Egypti
1607 3735 1693 3800 latere,
1714 3735 1772 3788 satis
1787 3749 1853 3789 tutas

825 3813 880 3876 else,
893 3813 909 3865 si
923 3813 1006 3866 valido
1018 3816 1124 3885 prefidio
1137 3817 1234 3869 munita
1248 3817 1379 3881 Damiata,
1397 3815 1492 3867 hostem
1506 3815 1630 3880 distineat,
1643 3815 1724 3868 donec
1737 3817 1852 3869 restitutis

823 3893 1000 3946 &instauratis
1014 3897 1084 3966 Syrie
1098 3897 1182 3961 rebus,
1203 3897 1265 3949 vires
1278 3899 1422 3949 accrescant
1437 3911 1525 3963 regno,
1537 3912 1589 3963 quo
1603 3894 1636 3946 ad
1650 3895 1852 3949 Occidentalium

824 3991 862 4025 res
887 3973 1026 4041 pacificate,
1052 3975 1112 4028 totis
1135 3975 1229 4028 viribus
1255 3977 1279 4028 in
1302 3977 1431 4030 Orientem
1455 3973 1519 4026 trahi
1545 3973 1644 4042 possint.
1673 3971 1852 4037 Ludovicus

824 4058 959 4123 Bavarus
974 4059 1012 4122 de
1025 4061 1110 4124 Tani
1126 4063 1209 4126 urbis
1230 4063 1324 4126 ruinis
1339 4060 1549 4140 restaurandis,
1571 4083 1605 4122 ac
1621 4060 1800 4125 deducenda
1813 4085 1851 4124 eo

823 4146 884 4209 loci
906 4147 1039 4228 colonia,
1064 4151 1223 4214 consilium
1248 4152 1347 4230 dabat,
1371 4172 1432 4234 qua
1454 4149 1653 4233 Memphitici
1677 4172 1714 4213 eo
1733 4150 1852 4213 facilius

823 4237 1072 4318 reprimerentur,
1089 4261 1161 4301 cum
1176 4256 1301 4322 propter
1316 4239 1375 4301 loci
1392 4239 1663 4321 propinquitatem,
1678 4255 1744 4300 tum
1761 4258 1852 4322 prop-

824 4340 869 4386 ter
894 4327 1122 4390 munitiffimum
1145 4345 1252 4391 nature
1278 4326 1375 4391 situm.
1401 4328 1470 4390 Nec
1495 4343 1614 4390 tantum
1639 4326 1789 4410 Egyptios
1813 4329 1851 4390 ab

823 4412 980 4477 obsidione
1001 4415 1146 4480 Damiate
1167 4419 1261 4480 averti
1276 4415 1368 4500 poll'e,
1389 4416 1436 4480 sed
1463 4418 1493 4480 in
1516 4419 1619 4480 officio
1641 4419 1758 4480 Arabes
1776 4439 1851 4479 con-

824 4503 923 4583 tineri,
937 4505 968 4566 in
983 4505 1113 4588 proclivi
1130 4508 1203 4568 sore.
1226 4506 1492 4594 Quandoquidem
1514 4507 1552 4569 ab
1575 4507 1706 4572 Oriente
1726 4505 1851 4587 paludes

823 4592 978 4654 Arabibus
1001 4616 1040 4656 ex
1062 4598 1215 4658 montanis
1236 4594 1486 4658 descendentibus
1511 4596 1674 4674 obstarent,
1698 4596 1735 4657 ab
1751 4594 1850 4659 Occi-

824 4681 915 4742 dente
929 4680 996 4743 Nili
1021 4681 1135 4746 fluenta
1158 4682 1309 4766 Egyptios
1334 4699 1479 4757 arcerent,
1503 4705 1521 4745 a
1545 4683 1671 4745 meridie
1695 4683 1850 4745 Traianus

823 4770 931 4849 amnis,
947 4771 1029 4834 rubri
1045 4772 1137 4834 maris
1150 4771 1269 4834 accolas
1284 4770 1438 4834 distineret
1451 4769 1488 4833 ad
1499 4769 1745 4854 Septentrionem
1759 4785 1850 4854 atque
