4336 6572
833 991 892 1115 98
1024 991 1265 1117 Testimoniu
1286 993 1327 1083 in
1352 988 1490 1082 Gallia
1500 989 1679 1116 scriptu.

759 1271 817 1317 1217
830 1258 855 1310 s:
878 1255 995 1321 Bauarie,
1014 1273 1157 1326 magnaque
1177 1255 1264 1308 militia
1281 1255 1350 1326 regni
1362 1255 1509 1321 Teutonici,
1524 1255 1734 1327 Archiepiscopus
1751 1276 1852 1330 qnoque

831 1335 1038 1400 Nicholiensrs,&
1056 1335 1095 1402 aiij
1119 1335 1200 1404 plures
1222 1335 1329 1405 episcopi
1348 1335 1481 1405 peregrini,
1497 1337 1520 1387 ds
1533 1352 1590 1386 cum
1603 1334 1638 1388 eis
1649 1337 1774 1390 Dominus
1788 1341 1852 1393 Gal·

831 1415 914 1468 therus
938 1416 970 1467 de
997 1413 1115 1467 Auensrs.
1139 1416 1228 1484 Itaque
1249 1413 1388 1483 patriarcha
1415 1413 1655 1484 Hierosolymitanus
1679 1433 1737 1468 cum
1758 1435 1851 1490 magna

830 1494 971 1547 humilitate
983 1493 1041 1547 cleri
1056 1495 1081 1546 bc
1098 1491 1184 1563 populi
1197 1493 1285 1546 tollens
1303 1505 1443 1547 reverenter
1460 1492 1558 1545 vivifice
1582 1494 1660 1545 crucis
1680 1495 1776 1564 lignum
1794 1515 1851 1568 pro-

829 1573 907 1627 fectus
919 1574 954 1627 est
967 1573 999 1625 ad
1012 1572 1108 1626 Achou
1129 1572 1154 1624 in
1174 1573 1252 1624 calita
1269 1573 1382 1636 Domini,
1396 1573 1466 1643 quod
1482 1571 1597 1625 videlicet
1613 1571 1708 1642 lignum
1721 1577 1775 1645 poli
1787 1589 1851 1632 terre

827 1656 908 1708 lansle
922 1653 1086 1724 perditionem
1099 1652 1131 1705 ad
1148 1652 1193 1705 hec
1207 1665 1320 1722 tempore
1332 1652 1379 1705 suit
1395 1653 1554 1705 reservatum.
1568 1652 1719 1707 Immineute
1732 1655 1850 1725 liquidem

826 1734 944 1788 conflictu
957 1737 1136 1787 Saracenorum
1149 1751 1206 1786 cum
1218 1733 1355 1786 christianis
1368 1747 1482 1804 tempore
1495 1732 1634 1786 Salahsdini
1648 1751 1709 1788 crux
1720 1735 1785 1788 sefla
1796 1735 1851 1800 luit,

826 1813 895 1867 cuius
907 1832 964 1884 pars
978 1813 1011 1866 ad
1025 1813 1128 1883 prelium
1145 1812 1229 1866 delata
1240 1812 1334 1865 ibidem
1355 1813 1389 1865 eli
1408 1813 1514 1882 perdita,
1529 1810 1578 1864 alia
1601 1815 1661 1865 ve'ro
1679 1814 1783 1880 servata,
1801 1833 1851 1884 que

826 1907 886 1947 tunc
899 1893 1037 1947 exhibetur.
1053 1894 1147 1963 Itaque
1158 1910 1215 1945 cum
1227 1891 1270 1944 tali
1284 1891 1374 1945 vexillo
1386 1892 1486 1945 aciebus
1498 1891 1618 1944 ordinatis
1630 1892 1791 1961 procellimur
1807 1911 1850 1964 per

825 1974 929 2044 planum
943 1975 1014 2026 Fabe
1026 1973 1102 2042 usque
1116 1972 1148 2024 ad
1165 1969 1260 2024 sontem
1277 1972 1398 2026 Tubsnie
1416 1971 1522 2025 multum
1535 1972 1677 2026 laborantes
1694 1973 1738 2026 illo
1755 1974 1807 2036 die,
1824 1975 1849 2027 dt

826 2052 944 2124 premillis
967 2051 1177 2122 exploratoribus,
1200 2051 1326 2116 ridentes,
1352 2053 1385 2104 ab
1410 2051 1555 2105 adversariis
1577 2052 1704 2120 pulverem
1720 2052 1849 2118 concitari,

826 2145 910 2186 utrum
923 2144 1012 2186 contra
1023 2147 1068 2184 nos
1078 2148 1110 2182 an
1126 2129 1245 2199 fugiendo
1258 2141 1428 2200 properarent,
1437 2149 1535 2184 eramus
1543 2131 1638 2184 incerti.
1651 2131 1731 2200 Igitur
1738 2132 1849 2200 sequenti

825 2212 867 2265 die
877 2229 921 2284 per
935 2221 1034 2264 menter
1047 2210 1229 2279 Gelboe,quos
1242 2210 1374 2263 habuimus
1386 2212 1420 2263 sd
1432 2211 1570 2276 dexteram,
1579 2216 1604 2268 a
1614 2212 1730 2281 paludem
1740 2212 1773 2263 sd
1785 2210 1849 2264 linis-

826 2303 900 2357 tram,
908 2290 1015 2361 profesti
1023 2290 1106 2342 sumus
1117 2289 1257 2354 Beniasam,
1265 2289 1307 2342 ubi
1319 2290 1397 2342 eastre
1406 2289 1493 2344 fixerat
1503 2290 1665 2344 adversarius.
1678 2291 1725 2342 Sed
1735 2301 1848 2344 metuens

826 2383 879 2423 tam
891 2369 1007 2423 ordinate
1019 2368 1176 2438 procedentis
1188 2370 1212 2420 δι
1225 2380 1277 2420 tam
1290 2369 1381 2439 copiosi
1391 2369 1442 2423 Dei
1452 2369 1558 2423 viventis
1568 2369 1691 2423 exercitus
1703 2370 1849 2436 adventum,
1861 2363 1916 2427 Μ
1926 2367 2004 2424 ”¹⁷⁶2
2013 2365 2057 2424 ΠΙ,

826 2449 933 2503 tentoria
945 2447 1044 2514 tollens,
1060 2450 1085 2501 bc
1097 2447 1195 2516 fugiens
1209 2459 1299 2501 terram
1312 2449 1456 2502 vastandam
1470 2449 1561 2503 Christi
1577 2448 1697 2502 militibus
1708 2449 1848 2520 dereliquit
1926 2440 1992 2488 ¹¹³⁰·

726 2523 787 2570 ΝΜ·
798 2537 813 2586 9
825 2529 902 2583 Unde
915 2528 1048 2581 Iordanem
1060 2527 1216 2580 transeuntes
1226 2528 1252 2579 in
1265 2526 1349 2597 vigilia
1362 2528 1438 2581 sansti
1452 2528 1559 2581 Martini
1569 2546 1677 2599 corpora
1690 2529 1795 2582 lavimus
1806 2547 1849 2599 ps·

826 2608 896 2662 cilios
907 2608 931 2660 in
942 2624 983 2672 eo,
995 2607 1019 2660 sc
1031 2604 1170 2674 quievimus
1183 2622 1227 2674 per
1238 2605 1341 2658 biduum
1353 2606 1456 2672 ibidem,
1467 2609 1567 2678 copiam
1580 2608 1755 2662 vic’rualium&
1764 2607 1849 2679 pabuli

826 2686 983 2758 reperientes.
996 2684 1096 2739 Deinde
1113 2683 1184 2753 super
1204 2683 1273 2738 littus
1293 2684 1367 2738 maris
1379 2685 1487 2740 Gallilee
1503 2699 1554 2740 tres
1575 2688 1679 2741 serimus
1701 2687 1850 2754 mansiones,

826 2777 990 2837 peragranter
1006 2763 1072 2829 loca,
1095 2761 1120 2815 in
1139 2763 1230 2832 quibus
1244 2763 1364 2817 mirabilia
1384 2765 1491 2819 salvator
1508 2767 1590 2820 noller
1607 2767 1706 2838 operari
1722 2766 1851 2836 dignans,

826 2844 950 2916 corporali
967 2841 1104 2914 penitentia
1124 2859 1184 2895 cum
1202 2843 1344 2897 hominihus
1360 2846 1519 2900 conversatus
1533 2847 1576 2900 ell.
1598 2846 1754 2917 Aspeximus
1772 2847 1849 2900 Beth·

826 2921 920 2976 saidam
940 2921 1066 2975 civitatem
1088 2921 1195 2975 Andree
1215 2925 1240 2976 sc
1254 2924 1330 2989 Petri,
1349 2935 1409 2977 tunc
1421 2924 1453 2977 ad
1467 2925 1545 2979 casale
1562 2926 1690 2980 modicum
1706 2927 1848 2992 rodomum,

825 3001 993 3055 demonstrata
1006 3001 1061 3053 sunt
1075 2999 1140 3066 loca,
1160 3001 1204 3054 ubi
1216 3002 1327 3056 Christus
1339 3003 1472 3074 discipulus
1486 3004 1595 3071 vocavit,
1608 3005 1681 3074 supra
1693 3022 1763 3057 mare
1780 3004 1848 3057 lictis

822 3081 928 3152 pedibus
942 3078 1092 3146 ambulavit,
1110 3081 1196 3133 turbas
1216 3080 1285 3151 parit
1304 3081 1329 3134 in
1347 3083 1454 3150 deserto,
1470 3097 1581 3138 montem
1600 3083 1712 3138 ascendit
1729 3084 1847 3150 orare,&

822 3162 903 3225 locus,
921 3158 964 3212 ubi
984 3176 1042 3212 cum
1066 3157 1190 3228 discipulis
1206 3161 1260 3230 poll
1283 3163 1486 3217 resurresiionem
1513 3164 1688 3218 manducavit:
1712 3165 1736 3217 δι
1756 3163 1789 3216 fic
1806 3180 1849 3232 per

824 3239 1005 3309 Caphsmaum
1028 3239 1140 3292 infirmos
1164 3241 1260 3294 nollros
1285 3259 1406 3312 pauperes
1424 3242 1449 3295 in
1471 3240 1587 3296 iumentis
1612 3253 1739 3314 portantes
1761 3241 1848 3296 rerersr

821 3315 904 3371 sumus
917 3318 1022 3372 Achon.

1142 3537 1190 3600 80.
1211 3536 1260 3598 De
1270 3537 1387 3622 sicando
1400 3539 1532 3619 equitant.

854 3747 885 3798 ln
898 3745 1008 3800 seeundo
1022 3745 1137 3814 equitatu
1153 3746 1277 3799 adivimus
1288 3748 1378 3816 pedem
1391 3747 1483 3800 montis
1497 3748 1616 3813 Thabor,
1628 3746 1709 3818 primo
1725 3763 1846 3816 equarum

820 3823 941 3892 inopiam,
949 3826 1107 3896 postmodum
1117 3844 1160 3896 per
1169 3825 1330 3880 delollionem
1337 3827 1437 3897 copiam
1447 3827 1599 3881 invenientes
1608 3825 1847 3897 despembantospi·

820 3905 888 3958 tanei
900 3905 975 3958 nostri
987 3906 1019 3959 de
1033 3905 1126 3959 montis
1140 3905 1248 3970 ascensu,
1260 3907 1341 3964 donec
1354 3923 1432 3975 puero
1446 3909 1582 3960 sarraceno
1591 3904 1732 3969 nunciante,
1740 3905 1846 3959 castrum

723 3981 780 4031 Dee.
791 3996 804 4044 3
819 3983 874 4038 sore
880 3984 1241 4055 comprehensibile,conlilium
1247 3985 1363 4038 inierunt.
1373 3985 1458 4040 Prima
1465 4002 1526 4038 vero
1533 3984 1658 4039 dominica
1665 3985 1847 4040 adventusDo·

819 4061 952 4130 minirum
962 4064 1267 4134 legereturinevangelios
1277 4063 1845 4134 lteiscaflrllamssdcorasrvossslfflatth

816 4157 875 4209 sorr,
884 4144 921 4212 a.)
935 4143 1085 4197 Patriarcha
1095 4144 1207 4215 precellit
1218 4162 1277 4198 cum
1294 4144 1363 4214 signo
1370 4145 1453 4198 crucis
1461 4143 1613 4215 episcopis&
1625 4144 1692 4197 clero
1701 4160 1745 4213 per
1753 4142 1845 4195 clivum

817 4223 910 4276 montis
917 4223 1248 4294 onnubusspsatlenribus,
1258 4223 1344 4278 &licet
1354 4235 1486 4294 preruptus
1495 4224 1523 4276 srt
1533 4241 1606 4277 mons
1614 4224 1707 4294 ubique
1714 4223 1738 4275 in
1747 4221 1845 4276 excelsis

816 4302 841 4353 dr
853 4301 922 4372 quali
935 4302 1087 4372 impollibilis
1101 4301 1134 4354 ad
1147 4302 1330 4355 ascendendum
1345 4312 1414 4355 extra
1428 4303 1540 4356 semitam
1553 4303 1647 4369 tritam,
1659 4301 1748 4356 milites
1760 4313 1845 4354 tamen

816 4381 841 4432 dt
851 4381 977 4446 satellites,
990 4381 1087 4452 equites
1100 4383 1125 4435 δι
1135 4381 1231 4450 pedites
1248 4380 1349 4434 viriliter
1364 4381 1534 4434 ascenderunt.
1551 4383 1659 4434 loannes
1676 4381 1788 4452 quidem,
1801 4397 1844 4433 rex

817 4459 983 4527 Hierusalem,
993 4478 1052 4513 cum
1065 4459 1153 4513 militia
1160 4459 1264 4515 Domini
1272 4460 1431 4514 castellanum
1440 4461 1524 4514 stravit
1534 4463 1560 4514 t:
1571 4460 1752 4530 Admirsldum
1766 4476 1843 4513 unum

817 4537 898 4608 primo
910 4541 1014 4611 impetu.
1028 4539 1177 4594 Defensores
1190 4550 1275 4593 autem
1286 4539 1367 4606 oaliri,
1377 4541 1421 4610 qui
1435 4552 1504 4593 extra
1516 4551 1601 4612 portas
1614 4540 1647 4594 ad
1658 4540 1843 4594 defendendum

817 4629 929 4672 montem
951 4619 1068 4690 intrepidi
1084 4619 1195 4672 hostibus
1212 4631 1382 4685 occurrerunt,
1398 4619 1508 4674 conversi
1523 4621 1579 4673 sunt
1596 4621 1623 4673 in
1638 4620 1771 4690 stuporem.
1791 4617 1843 4672 Hic

816 4712 878 4749 vero
892 4697 991 4751 incluss
1008 4699 1119 4752 hollibus
1137 4698 1200 4752 inira
1212 4698 1319 4753 calirum
1333 4698 1438 4770 turpiter
1451 4701 1536 4770 Reges
1550 4700 1705 4753 llienrsalem
1723 4701 1748 4752 dt
1765 4697 1844 4771 Cypri

815 4775 840 4830 dt
860 4777 976 4846 magister
993 4777 1122 4846 hospitalis
1138 4780 1163 4832 de
1185 4780 1291 4831 barones
1313 4777 1337 4830 in
1359 4791 1456 4848 partem
1483 4779 1575 4832 montis
1596 4780 1630 4831 ad
1649 4777 1847 4845 deliberandum,
