4336 6572
566 1037 639 1129 49.
674 1003 862 1098 Annales
884 1003 935 1098 de
958 1003 1203 1135 Dunslople.
1340 1007 1395 1128 65

377 1268 407 1331 δι
431 1287 500 1352 rege
525 1265 671 1352 Ungarie,
696 1265 726 1329 δι
747 1266 825 1328 duce
845 1267 882 1328 de
903 1268 1010 1351 Ostrij,
1024 1267 1184 1330 &civibus
1199 1267 1401 1346 Romanis&

380 1357 446 1420 aliis
459 1358 699 1440 circumquoque
714 1354 947 1419 confluentibus.

419 1492 441 1507 ..
453 1492 461 1508 .
473 1491 496 1506 ..
513 1443 590 1530 Quo
605 1465 685 1506 anno
699 1459 789 1527 capta
801 1444 843 1506 est
858 1443 1015 1507 Damietta
1024 1471 1033 1520 ;
1048 1445 1077 1506 in
1097 1465 1157 1527 qua
1175 1446 1317 1528 captione
1338 1460 1402 1509 tota

380 1530 516 1596 Ecclesia
530 1532 709 1616 predicat&
724 1530 844 1595 extollit
858 1532 991 1596 Comitis
1006 1531 1122 1595 Cestrie
1147 1534 1339 1615 probitatem.
1364 1532 1401 1596 ln

380 1638 441 1705 qua
455 1619 622 1700 Damietta,
633 1620 750 1684 ultione
765 1621 876 1698 divina,
887 1637 970 1683 tanta
980 1619 1036 1682 suit
1051 1621 1210 1682 hominum
1226 1622 1402 1702 mortalitas,

304 1743 324 1789 p.
336 1723 366 1785 56
381 1708 463 1793 quod
477 1708 630 1771 christiani
641 1709 789 1772 dederunt
801 1710 857 1772 tria
868 1708 963 1771 millia
974 1707 1170 1770 bisantiorum
1182 1731 1237 1789 pro
1250 1711 1401 1774 trahendis

380 1801 415 1862 ad
429 1797 555 1860 sluvium
567 1798 741 1879 proximum
754 1796 951 1859 cadaveribus
972 1797 1202 1872 defunsiorum3
1221 1819 1313 1880 quem
1328 1798 1402 1859 dum

379 1889 526 1950 intrarent
540 1885 701 1965 christiani,
713 1888 754 1947 ita
768 1887 840 1948 secit
855 1884 1011 1950 Dominus
1024 1886 1135 1950 Nilum
1150 1888 1307 1964 inundare,
1317 1887 1400 1970 quod

379 1976 498 2060 pagani,
508 1975 561 2058 qui
576 1975 760 2037 extrinsecus
775 1974 964 2053 obsederant,
976 1974 1124 2057 populum
1138 1975 1333 2036 christianum
1347 1997 1401 2056 ap·

379 2064 528 2146 propiare,
542 2061 591 2124 vel
606 2062 649 2124 eis
664 2082 775 2124 nocere
789 2083 851 2123 non
864 2078 1012 2144 poterant.
1028 2061 1153 2148 Quibus
1165 2084 1218 2145 pre
1227 2061 1402 2123 confusione

378 2151 599 2228 recedentibus,
613 2171 675 2212 non
690 2150 733 2212 est
757 2150 842 2214 ausus
866 2150 974 2233 aliquis
997 2152 1074 2213 insra
1097 2153 1170 2214 duas
1192 2152 1287 2213 dietas
1308 2169 1402 2231 prope

377 2236 512 2316 residere3
526 2260 584 2300 nec
595 2237 746 2300 christiani
760 2238 797 2300 ab
813 2239 888 2301 urbe
899 2255 988 2320 capta
1002 2241 1142 2301 recedere
1155 2237 1404 2320 presumpserunt,

377 2350 417 2390 ne
431 2343 551 2408 captam
567 2326 736 2408 perderent,
750 2330 823 2389 dum
838 2348 948 2409 capere
962 2328 1140 2390 niterentur.

509 2413 629 2476 Eodem
649 2436 730 2477 anno
746 2416 875 2497 profesti
896 2414 963 2478 sunt
980 2415 1063 2494 illuc,
1077 2438 1181 2479 comes
1197 2418 1235 2478 de
1256 2412 1403 2492 Arundel,

377 2525 481 2566 comes
495 2503 533 2568 de
547 2503 721 2583 Wintonia,
735 2503 924 2587 Rlobertusl,
938 2503 1018 2567 filius
1032 2503 1196 2582 Waltheri,
1210 2501 1403 2566 Baldewinus

377 2593 416 2654 de
428 2591 542 2670 Webr,
557 2591 741 2741 Gpalsridus]
758 2595 795 2654 de
817 2592 939 2669 Luschi,
955 2591 1118 2674 Oldonell,
1141 2591 1220 2654 filius
1239 2589 1402 2653 Wilhelmi

378 2680 415 2743 de
427 2680 575 2763 Aubeny;
603 2681 639 2742 ed
656 2702 759 2744 comes
774 2681 938 2742 Wintonie
952 2681 982 2742 δι
1003 2679 1219 2762 B[aldewinus]
1245 2679 1282 2741 de
1303 2677 1405 2740 Wehr

378 2768 493 2831 ibidem
508 2769 661 2848 obierunt,
681 2767 711 2831 δι
733 2768 924 2852 R[obertus],
943 2767 1023 2832 filius
1042 2767 1184 2846 Walteri,
1207 2767 1297 2829 rediit
1321 2764 1404 2828 infir-

380 2871 487 2920 matus.

306 2962 370 3024 pto
425 2963 508 3009 1220.
550 2944 670 3008 Eodem
685 2967 765 3007 anno
789 2947 876 3008 rediit
895 2967 999 3009 comes
1024 2943 1138 3010 Cestrie
1157 2945 1240 3006 circa
1263 2942 1404 3006 calendas
1420 2965 1479 3000 ωηο

384 3035 433 3096 Au
455 3033 510 3096 usti
526 3055 597 3096 cum
611 3033 830 3097 constabulario
847 3032 962 3097 Cestrie
977 3033 1007 3096 δι
1022 3033 1156 3096 Brienno
1168 3033 1206 3093 de
1217 3030 1324 3094 Insula.
1417 3043 1500 3100 Ausa
1567 3082 1570 3094 .

305 3154 326 3199 p.
338 3138 369 3184 62
422 3056 543 3184 Findem
565 3143 655 3199 anno,
669 3122 824 3204 quoddam
850 3121 994 3204 scriptum
1014 3121 1169 3182 arabicum
1185 3121 1342 3183 inventum
1363 3119 1406 3182 est

381 3210 460 3292 apud
486 3208 686 3288 Damiettam,
706 3211 788 3292 quod
812 3208 950 3292 Pelagius
972 3205 1150 3291 Apostolice
1174 3207 1259 3271 Sedis
1278 3209 1405 3292 legatus,

382 3297 532 3360 transtulit
546 3298 575 3359 in
591 3297 735 3373 latinum;
750 3299 832 3380 quod
849 3297 1023 3360 &Romam
1035 3293 1128 3357 misit:
1149 3295 1179 3358 δι
1202 3297 1271 3358 inde
1292 3297 1328 3358 ad
1348 3318 1404 3360 nos

382 3384 531 3466 perlatum
556 3383 606 3446 est.
635 3380 670 3446 In
696 3406 769 3466 quo,
800 3383 851 3446 sub
876 3384 1007 3467 quadam
1034 3384 1199 3445 verborum
1223 3383 1405 3446 obscuritate

382 3467 556 3536 continetur
585 3489 662 3534 terre
687 3469 927 3535 ierosolimitane
952 3471 1125 3551 destruslio,
1150 3470 1178 3533 δι
1203 3472 1335 3535 eiusdem
1359 3493 1405 3534 re-

382 3563 550 3644 cuperatio,
565 3560 593 3623 δι
610 3559 768 3622 Damiette
787 3559 902 3643 captio,
924 3561 952 3624 &
974 3578 1036 3623 tam
1060 3557 1184 3643 Egypti,
1207 3581 1300 3644 quam
1320 3560 1405 3644 regni

381 3648 561 3712 Tuscorum
575 3646 714 3730 perditio.

305 3745 367 3806 12⁶3
421 3737 542 3800 Eodem
567 3758 658 3814 anno,
682 3751 829 3819 ceperunt
855 3739 963 3820 pagani
988 3738 1143 3800 civitatem
1164 3737 1329 3798 Nazareth.
1364 3735 1405 3798 Et

381 3825 521 3888 soldanus
554 3823 714 3889 Babilonie
746 3823 862 3887 obsedit
889 3825 1018 3886 castrum
1049 3827 1281 3908 peregrinorum
1311 3822 1404 3887 mensr

383 3913 536 3988 Ostobri3
559 3913 588 3975 dr
603 3927 649 3974 tot
664 3933 681 3973 a
695 3913 829 3994 partibus
844 3912 904 3976 illis
919 3913 1072 3976 redierunt
1085 3911 1246 3992 christiani,
1256 3912 1339 3996 quod
1354 3934 1403 3975 re·
1418 3921 1501 3968 ottob.

382 3999 456 4065 stdui
470 4023 533 4064 non
549 3999 665 4082 pollent
679 3999 706 4060 se
721 4001 810 4078 tueri,
829 4000 882 4063 nisi
897 4021 1012 4062 novum
1027 4001 1173 4063 auxilium
1193 4000 1404 4083 superveniret.

422 4090 544 4153 Eodem
561 4109 653 4166 anno,
677 4104 824 4170 ceperunt
847 4086 998 4151 christiani
1021 4090 1175 4151 civitatem
1196 4088 1324 4165 Tasnes,
1346 4110 1405 4171 que

383 4180 444 4243 fere
466 4199 520 4260 per
539 4177 652 4239 dietam
681 4173 767 4238 distat
790 4197 808 4238 a
832 4175 1005 4239 Damietta:
1035 4177 1085 4239 ubi
1106 4178 1149 4239 esl
1168 4178 1253 4241 locus
1276 4176 1405 4259 piscandi

381 4267 529 4351 ydoneus,
543 4265 573 4328 ἃ
588 4264 751 4327 multitudo
767 4264 892 4346 piscium
904 4264 1031 4347 copiosa.

421 4353 544 4416 Eodem
575 4374 670 4432 anno,
704 4351 805 4414 mense
835 4353 1013 4430 decembris,
1045 4351 1145 4413 Rome
1169 4366 1334 4415 coronatus
1364 4352 1407 4414 est
1419 4361 1529 4410 Decemb.

382 4441 564 4505 Fredericus
589 4441 753 4523 imperator
769 4440 1002 4524 crucesignatus,
1023 4439 1145 4522 prestita
1162 4441 1242 4522 prius
1265 4441 1406 4502 cautione

383 4532 421 4592 de
442 4545 516 4592 voto
538 4529 638 4592 crucis
663 4527 863 4611 exsequendo.
880 4527 958 4615 Qui,
982 4531 1020 4590 de
1044 4525 1169 4590 consilio
1185 4527 1275 4610 Pape,
1294 4527 1406 4591 multos

384 4618 496 4681 milites
522 4617 553 4680 δι
577 4632 708 4678 armatos
723 4631 805 4680 trans
820 4617 931 4680 fretum
947 4615 1095 4698 premisrt;
1111 4616 1177 4698 post
1191 4615 1328 4698 disposita
1350 4617 1407 4677 im-

386 4705 460 4789 perij
477 4705 572 4787 magis
584 4703 678 4766 ardua
690 4703 822 4786 negotia,
838 4703 1031 4785 personaliter
1045 4702 1206 4768 secuturus.

480 4850 501 4889 Τ
1283 4852 1298 4902 9
