4336 6572
625 1023 692 1115 34.
722 992 1018 1117 Triumphum
1039 995 1298 1088 Dumiueten.
1409 1030 1469 1116 47

884 1329 1045 1458 Verfio.

347 1588 369 1634 p.
383 1586 424 1634 ¹5¹
477 1577 562 1636 Quum
582 1571 722 1625 Fridericus
735 1571 872 1642 imperator
885 1574 971 1642 paucis
984 1573 1078 1627 saeculis
1090 1585 1148 1625 ante
1160 1590 1281 1642 magnum
1295 1573 1320 1624 dr
1337 1584 1467 1641 potentem

440 1654 576 1708 exercitum
589 1652 724 1722 collegisset
734 1652 768 1704 ad
777 1652 951 1705 debellandam
960 1653 1086 1706 infidelem
1096 1653 1241 1705 Turcorum
1251 1654 1275 1704 dr
1287 1655 1466 1706 Saracenorum

439 1745 550 1805 gentem,
563 1732 712 1795 Florentius,
724 1749 809 1784 comes
822 1732 973 1797 Hollandiae,
986 1733 1072 1802 copias
1085 1735 1139 1786 suas
1150 1734 1275 1786 contraxit
1289 1751 1346 1786 curn
1360 1732 1467 1784 filiosuo

440 1812 577 1876 Guilelmo,
588 1811 711 1880 principes
724 1809 813 1862 scilicet
823 1811 915 1862 civium
931 1811 1106 1864 noslrorum&
1121 1812 1208 1864 florem
1221 1811 1356 1864 iuventutis
1369 1810 1466 1875 noslrae,

439 1904 476 1958 ut,
487 1910 545 1962 quae
558 1889 728 1961 proposuisset,
741 1900 811 1942 certo
823 1890 1021 1959 consequeretur.
1036 1891 1150 1943 Navibus
1169 1891 1246 1960 igitur
1263 1889 1365 1960 professi
1380 1901 1466 1958 portus

438 1972 578 2026 Palaestinae
587 1971 724 2042 attigerunt
733 1972 756 2024 δι
765 1970 858 2039 appulsi
869 1971 931 2022 funt.
938 1970 978 2022 Ibi
989 1970 1090 2038 quidem
1102 1970 1160 2022 nibil
1168 1970 1210 2022 nisr
1220 1987 1322 2022 arenam
1330 1969 1425 2020 aridam
1436 1985 1466 2021 ac

438 2050 513 2104 silices
525 2051 681 2115 invenerunt,
696 2050 737 2102 sed
751 2049 866 2120 periculis
881 2050 903 2100 dr
918 2049 1112 2114 calamitatibus,
1125 2068 1184 2119 quae
1200 2061 1275 2102 antea
1288 2049 1346 2118 passi
1359 2049 1466 2114 fuerant,

437 2129 486 2183 iam
495 2131 552 2184 satis
559 2130 667 2183 indurati
676 2143 753 2183 erant.
762 2132 846 2190 Quam
856 2128 927 2181 multi
936 2129 1002 2182 euim
1011 2131 1118 2182 Turci&
1126 2128 1240 2182 Saraceni
1247 2130 1353 2182 humum
1361 2129 1464 2181 mande-

437 2211 508 2271 bant,
521 2210 578 2262 vieti
590 2211 614 2263 u
627 2209 744 2262 trucidati
755 2209 870 2260 manibus
883 2209 1034 2261 nostrorum!
1048 2209 1141 2275 Atque
1154 2227 1233 2278 quum
1248 2208 1369 2262 exercitus
1382 2209 1466 2260 noller

437 2289 481 2342 tali
494 2289 596 2342 rieloria
609 2300 690 2341 totam
704 2300 807 2353 terram,
820 2286 912 2340 scilicet
925 2287 1035 2339 Terram
1049 2289 1175 2353 Sanslam,
1193 2291 1250 2340 Deo
1263 2286 1373 2356 benigne
1392 2286 1463 2339 adiu-

437 2380 519 2434 vante,
538 2368 678 2437 subegisset,
700 2369 807 2420 navium
821 2368 907 2420 vedius
929 2367 962 2420 etl
976 2367 1008 2418 ad
1024 2383 1115 2420 terram
1126 2367 1185 2420 Nilo
1202 2368 1370 2432 adiacentem,
1391 2367 1463 2419 cuius

435 2446 462 2501 in
474 2447 537 2500 ollio
553 2449 597 2501 frta
610 2460 664 2501 erat
682 2447 812 2500 Damiata.
835 2449 996 2515 Quamquam
1016 2445 1051 2498 ibi
1070 2447 1151 2516 primo
1166 2446 1269 2498 fortuna
1286 2446 1320 2498 eis
1337 2446 1465 2498 adversari

436 2526 578 2594 ridebatur,
591 2545 668 2597 quum
682 2539 769 2596 portus
779 2526 873 2579 catenis
887 2527 911 2578 dr
923 2525 1032 2578 turribus
1042 2526 1152 2579 munitus
1163 2526 1229 2590 esset,
1243 2525 1363 2578 nostrates
1377 2537 1463 2578 tamen

341 2615 362 2661 Ρ·
377 2613 422 2661 ¹5²
435 2606 479 2659 soli
489 2618 604 2660 catenam
617 2607 745 2676 fregerunt
757 2606 861 2659 navibus
871 2606 940 2666 serris
952 2604 1054 2658 armatis
1064 2605 1148 2675 itaque
1160 2607 1229 2658 riam
1241 2616 1400 2675 aperuerunt,
1411 2623 1462 2674 qua

434 2683 512 2738 clallir
531 2685 641 2738 insecuta
654 2685 800 2738 Damiatam
817 2684 913 2735 summa
931 2701 989 2735 cum
1003 2683 1027 2734 ri
1041 2684 1182 2750 incedebat,
1201 2686 1226 2735 δι
1248 2686 1309 2736 urbs
1326 2695 1401 2754 capta
1421 2684 1464 2736 eft.

434 2767 459 2816 O
472 2766 541 2830 urbs,
553 2782 610 2816 mea
625 2763 716 2834 patria,
730 2781 790 2816 ecce
802 2762 952 2832 triumphus!
975 2767 999 2816 Ο
1016 2765 1076 2816 υνδε
1093 2767 1163 2816 meas
1191 2763 1245 2816 Tui
1265 2763 1330 2816 cives
1350 2764 1419 2816 viam
1438 2764 1462 2814 dc

434 2855 534 2912 portam
552 2843 669 2896 exercitui
690 2854 849 2912 aperuerunt,
874 2841 918 2911 qui
941 2853 1021 2894 totam
1041 2842 1139 2895 classem
1166 2841 1192 2894 in
1218 2844 1305 2894 urbem
1329 2843 1463 2908 duxerunt,

434 2922 506 2975 cuius
522 2922 616 2994 captio,
632 2923 709 2975 Vobis
723 2922 875 2988 absentibus,
892 2921 992 2974 fortuna
1015 2922 1110 2975 nemini
1132 2922 1245 2974 concessa
1266 2921 1363 2975 fuisset!
1381 2922 1463 2975 Turci

434 3002 509 3055 Tuos
525 3014 641 3055 catenam
656 3003 834 3071 supprimentes
847 3003 871 3054 dc
886 3000 1001 3054 minutim
1017 3001 1159 3071 frangentes
1174 3001 1325 3054 viderunt&
1338 3001 1463 3054 debilitati

435 3082 490 3134 funt
505 3082 596 3135 virtute
608 3083 633 3135 δι
644 3081 811 3151 intrepiditate
827 3082 913 3134 veslra.
930 3085 955 3134 0
969 3082 1027 3133 urbs
1041 3099 1107 3148 mea,
1122 3082 1183 3134 Tua
1196 3081 1230 3133 esl
1240 3081 1320 3150 gloria
1333 3098 1462 3150 nunquam

433 3158 554 3228 peritura!
575 3163 646 3212 Sorte
661 3161 727 3213 enim
741 3159 851 3229 quadam
864 3159 889 3210 in
911 3159 980 3212 bessis
995 3160 1096 3226 accidit,
1113 3161 1183 3229 quod
1197 3159 1240 3228 qui
1253 3159 1335 3211 hostes
1348 3171 1461 3212 contem-

433 3241 531 3291 nunt&
543 3239 586 3292 srbi
600 3239 656 3310 ipfis
668 3239 835 3292 incommodo
846 3241 968 3308 impetum
981 3239 1077 3291 summa
1090 3257 1149 3292 cum
1163 3240 1188 3292 vi
1201 3239 1294 3292 fretum
1307 3239 1458 3308 exspeslant,

433 3327 525 3370 terram
544 3319 654 3389 perdunt
668 3319 806 3384 deliberes,
826 3337 924 3383 uxores,
943 3330 1076 3388 totamque
1094 3319 1221 3371 nationem
1240 3317 1393 3386 affligunt&
1407 3317 1461 3388 pes-

433 3395 556 3451 sumdant
571 3398 644 3450 Talis
657 3398 704 3450 fuit
716 3399 766 3450 sors
779 3400 850 3463 Tua,
870 3415 886 3450 o
899 3397 1028 3464 Damiata,
1045 3416 1102 3467 quae
1115 3397 1263 3450 defensionis
1276 3398 1345 3452 Ture
1357 3396 1460 3450 minime

433 3491 535 3546 operam
542 3476 773 3530 dedisti.Exercitus
780 3488 868 3547 potens
875 3476 1372 3548 perdiditritam,sanguinem,coronam,
1379 3478 1460 3529 hono·

432 3573 496 3620 rem,
509 3556 616 3625 gloriam
629 3558 654 3608 δι
667 3556 807 3609 thesauros!
820 3559 855 3609 Et
870 3556 1003 3609 miserrime
1017 3557 1121 3622 vastata,
1133 3556 1267 3621 exspoliata
1278 3555 1358 3610 fuistis
1371 3556 1458 3626 gladio

433 3647 539 3689 cruento
548 3635 659 3704 percusl'a
669 3636 702 3689 est
714 3635 802 3689 civitas
811 3637 881 3702 Tua,
893 3647 970 3705 atque
982 3636 1053 3705 periit
1067 3636 1181 3705 splendor
1195 3636 1306 3688 Tuus&
1317 3652 1383 3688 nunc
1396 3652 1457 3705 pro·

432 3725 499 3766 trata
512 3732 539 3767 es
551 3714 659 3780 infamis,
672 3715 814 3768 combusta:
827 3715 872 3767 Tu
884 3716 927 3769 Te
941 3715 1012 3768 bonis
1022 3714 1147 3768 &divitiis
1159 3714 1257 3785 privare
1266 3713 1355 3780 vidisti,
1368 3731 1385 3767 o
1398 3717 1458 3767 urbs

432 3793 577 3848 miserrimal
595 3795 695 3848 Vallata
707 3797 732 3849 δι
744 3794 823 3848 fracia
836 3811 862 3847 es
875 3793 951 3848 caedis
969 3793 1079 3859 libidine,
1092 3805 1147 3846 tota
1161 3795 1223 3846 Tua
1234 3794 1324 3863 gloria,
1338 3793 1460 3864 potentia,

430 3871 542 3940 fortuna,
562 3873 676 3940 vidioria,
697 3873 811 3944 superbia
831 3873 863 3926 ad
889 3872 950 3925 nihil
969 3874 1077 3928 redasiae
1096 3875 1168 3926 suntl
1189 3873 1236 3926 Sed
1249 3876 1312 3940 Vos,
1328 3890 1346 3926 o
1358 3872 1457 3937 Batavi,

432 3968 449 4002 o
461 3951 557 4019 heroes,
571 3969 588 4004 o
600 3952 730 4018 nostrates,
743 3963 864 4022 quantam
877 3953 1001 4006 bonorum
1014 3953 1039 4006 dr
1051 3951 1195 4005 ambitionis
1207 3951 1372 4006 hereditatem
1385 3951 1458 4004 nobis

432 4030 570 4101 reliquillirl
583 4033 711 4092 Quantam
726 4032 901 4086 audioritatem
918 4034 943 4084 δι
958 4032 1064 4102 gloriam
1079 4033 1157 4085 virtus
1168 4033 1252 4086 Vestra
1264 4033 1373 4102 prebuit
1385 4030 1458 4083 nobis

430 4110 456 4163 dr
476 4110 571 4163 civitati
584 4111 688 4165 noslrael
708 4111 845 4176 OGloria,
860 4129 891 4164 ne
908 4121 965 4164 tace
984 4111 1016 4163 ad
1037 4112 1159 4166 honorem
1179 4112 1298 4176 nostrum,
1322 4109 1373 4174 sed,
1394 4111 1457 4162 tuba

430 4189 541 4256 heroica,
549 4191 583 4243 ad
591 4190 684 4244 coelum
694 4191 786 4244 extolle
794 4207 887 4243 nomen
895 4190 1006 4244 nostrum
1015 4194 1021 4243 l
1034 4193 1137 4245 Corona
1146 4202 1222 4262 caput
1233 4191 1343 4244 nostrum
1353 4207 1457 4242 aureum

429 4267 514 4321 laurea
525 4270 615 4322 δονυνυ
635 4269 774 4322 facinorum
789 4286 939 4340 magnorum
960 4287 1040 4339 eaque
1062 4271 1113 4324 late
1129 4288 1174 4340 per
1193 4270 1314 4323 mundum
1333 4269 1456 4322 memoria

429 4348 519 4417 prodes
544 4351 684 4420 Campanae
713 4349 803 4403 nostrae
826 4366 926 4404 canorae
946 4349 1050 4402 vocibus
1069 4349 1141 4404 claris
1166 4350 1316 4403 resonabunt
1337 4347 1455 4401 virtutem

333 4454 356 4500 ρ.
370 4451 414 4500 ¹53
430 4426 537 4480 nostram
559 4432 584 4480 dr
601 4428 703 4499 clypeus
720 4446 800 4481 novus
817 4429 898 4482 noster
911 4430 975 4482 bene
987 4429 1127 4495 illustrabit,
1144 4447 1202 4498 quse
1215 4430 1316 4498 egregie
1329 4427 1456 4497 gessimus,

428 4505 469 4558 cui
481 4506 600 4560 sententia
615 4506 733 4580 inscripta
748 4509 795 4560 est:
811 4507 864 4560 Vm
879 4507 946 4561 vr'cit
961 4509 1058 4561 virttis.
1081 4509 1154 4562 Area
1173 4508 1256 4578 clypei
1268 4507 1343 4560 nostri
1355 4507 1456 4577 eiusque

429 4584 516 4654 gladio
528 4585 664 4650 nuntiatur,
677 4586 823 4640 Damiatam
833 4605 850 4639 a
859 4587 931 4640 nobis
946 4587 1048 4640 fresiam
1059 4586 1138 4652 fuisse,
1152 4587 1223 4640 stellis
1235 4587 1367 4640 illustratur
1374 4586 1455 4656 gloria

426 4664 509 4718 nostra
525 4665 558 4718 ad
576 4665 641 4720 astra
656 4665 784 4732 tranfiens,
800 4683 874 4720 cruce
889 4684 959 4732 vero,
979 4667 1077 4736 quade
1095 4685 1121 4720 re
1133 4667 1189 4722 haee
1199 4667 1318 4737 praeclara
1330 4665 1454 4736 gessimus.

429 4744 488 4796 Nou
510 4761 574 4815 opus
590 4745 633 4812 eli,
656 4745 797 4798 testimonia
814 4763 845 4800 ex
862 4746 929 4799 libris
948 4749 972 4800 dr
991 4746 1066 4799 cartis
1087 4746 1279 4800 muresoentibus
1300 4746 1454 4816 perscrutari,
