4168 6502
621 982 715 1104 156.
752 981 849 1107 Ray
872 976 923 1071 de
945 979 1063 1069 Pina.
1263 1003 1347 1095 2¹5

329 1263 439 1328 magna
453 1242 637 1306 Maurorum
651 1238 747 1323 strage
761 1255 886 1321 captum
900 1240 964 1302 fuit
989 1235 1162 1320 Templarij
1179 1231 1351 1316 Hospitala·

329 1334 426 1416 riique
441 1332 552 1394 milites
567 1331 665 1393 multo
680 1331 712 1393 in
726 1351 764 1392 eo
779 1327 860 1391 bello
875 1328 1027 1405 iuverunt,
1041 1325 1089 1387 sed
1102 1326 1243 1408 precipua
1258 1322 1352 1386 claffis

329 1419 394 1484 laus
414 1442 452 1483 ex
473 1418 596 1502 Anglia,
620 1417 727 1501 Belgio
750 1415 916 1500 Galliaque
938 1413 1054 1498 relique
1075 1415 1105 1476 in
1127 1433 1164 1474 ea
1181 1412 1284 1475 littora
1299 1431 1353 1492 ap-

330 1507 425 1591 pulle:
436 1529 544 1571 eorum
558 1507 611 1590 qui
621 1502 793 1586 Innocentij
806 1524 910 1587 opera,
924 1501 1005 1586 quast
1019 1500 1102 1585 signo
1115 1501 1144 1563 in
1157 1493 1352 1563 Lateranenfi

328 1595 463 1660 concilio
487 1617 505 1657 a
526 1595 659 1678 patlibus
684 1597 755 1656 dato
779 1592 814 1654 ad
838 1591 953 1654 bellum
978 1589 1093 1652 sacrum
1118 1587 1353 1663 instaurandum,

328 1683 450 1748 emenso
475 1683 605 1750 Oceano
626 1681 899 1745 &Mediterraneo
923 1680 997 1741 mari
1022 1679 1052 1740 in
1072 1677 1188 1760 Syriam
1211 1675 1352 1756 navigare

329 1771 502 1856 pergebant
524 1770 736 1835 Commodum
759 1768 788 1830 id
803 1768 892 1830 rebus
906 1764 1015 1829 nostris
1030 1765 1151 1844 accidit,
1172 1764 1259 1846 supra
1272 1761 1353 1824 sexa-

328 1861 412 1944 ginta
433 1858 617 1922 Maurorum
642 1856 737 1920 millia
760 1856 909 1919 trucidata
936 1855 972 1917 ad
993 1853 1044 1935 vij.
1070 1851 1191 1915 kalend.
1219 1849 1352 1914 ostobtia
1366 1855 1426 1917 Sept.
1438 1868 1466 1915 ²5

329 1949 394 2012 acie
409 1946 596 2010 dimicatum.

651 2157 727 2256 156.
752 2158 834 2231 Rov
859 2173 911 2228 na
934 2155 1036 2248 Pola,

380 2339 534 2410 Chronico
550 2303 591 2407 do
611 2340 705 2406 muita
722 2337 798 2423 alto,
816 2363 832 2404 e
851 2338 945 2403 multo
963 2333 1145 2427 esclarecido
1156 2333 1298 2425 principi

636 2445 679 2512 l).
697 2443 829 2537 olffonso
847 2444 879 2511 ll
903 2450 1049 2521 (-1519).

553 2599 615 2665 [Ed.
629 2600 670 2652 Μ.
683 2599 715 2652 Ι..
732 2599 863 2668 Ferreyra,
875 2597 972 2664 Lilboa,
990 2613 1065 2662 1727,
1076 2595 1132 2662 fol]

832 2723 851 2765 8

766 2858 848 2923 Car.
863 2855 927 2922 lv:

152 3019 155 3028 ’
271 3019 317 3070 Μ
331 3001 381 3064 Do
394 3000 593 3084 sundammto,
617 3021 668 3083 que
692 3021 762 3062 aava
781 3014 864 3084 para
886 2999 1017 3062 Alcacerc
1039 3001 1073 3062 do
1093 3000 1155 3079 Sal,
1179 3022 1301 3082 quaero
1324 3001 1356 3062 de
1372 3014 1429 3060 ¹2¹7

370 3087 503 3166 Mauros,
516 3089 570 3178 ser
590 3090 738 3170 cerquado,
758 3111 772 3150 c
789 3089 895 3151 tomado
914 3090 959 3151 dos
977 3087 1129 3170 christian,
1147 3113 1161 3152 e
1179 3091 1213 3152 do
1225 3089 1310 3178 Bispo
1323 3089 1357 3150 de

371 3175 470 3257 Lisboa
484 3176 722 3261 principalmente.

370 3313 441 3378 Nos
466 3315 634 3398 primeyros
655 3314 761 3398 smquo
789 3335 885 3378 annos
911 3336 971 3399 que
995 3314 1089 3398 Elrey
1117 3314 1205 3379 Dom
1229 3313 1355 3378 Affonso

330 3401 463 3485 Reynou
484 3422 559 3464 nom
580 3400 608 3464 se
627 3403 713 3481 acha,
737 3423 797 3485 que
820 3400 1001 3466 socedellem
1022 3419 1126 3468 outras
1139 3402 1254 3481 cousas,
1274 3401 1355 3466 salvo

333 3489 386 3553 has
402 3487 590 3572 desavenoas,
604 3511 622 3552 e
635 3488 816 3554 desacordos
830 3511 881 3553 em
894 3512 955 3573 que
964 3492 1064 3553 andou
1079 3512 1151 3554 com
1162 3489 1226 3560 suaa
1237 3492 1357 3571 irmaas,

330 3577 485 3654 eirmaos,
507 3577 588 3640 eaffi
609 3579 648 3639 ha
668 3599 777 3662 guerra
796 3598 867 3640 com
886 3577 979 3662 Elrey
998 3579 1037 3641 de
1051 3577 1152 3658 Liam,
1172 3601 1189 3642 e
1207 3599 1279 3641 com
1292 3577 1356 3642 suas

330 3679 436 3748 gentes
459 3685 552 3728 como
562 3665 615 3748 ja'a
635 3666 713 3744 dice,
737 3686 754 3727 e
777 3665 912 3748 pallados
930 3668 986 3730 hos
1001 3666 1081 3730 ditos
1099 3665 1205 3750 smquo
1220 3687 1356 3744 annoae

330 3751 472 3814 andando
491 3753 531 3813 ha
549 3771 600 3814 era
619 3752 658 3813 de
670 3748 757 3814 noss'o
770 3751 887 3814 Senhor
905 3773 955 3814 em
970 3752 1024 3815 mil
1038 3774 1056 3816 e
1070 3753 1220 3816 duzantos
1234 3774 1251 3815 e
1265 3753 1357 3816 dezao

329 3853 379 3902 ete
403 3860 499 3902 moos
524 3841 580 3903 hos
601 3838 767 3918 christiaos,
790 3862 851 3923 que
870 3839 1001 3902 ellavam
1022 3863 1062 3904 na
1081 3839 1239 3924 conquista
1259 3840 1358 3904 dultra

330 3945 413 3990 maar
427 3947 485 4010 por
500 3927 699 4009 defenoam,e
715 3927 947 3990 recobramento
962 3931 1000 3990 da
1013 3927 1113 3991 Terra
1125 3928 1227 4006 Sama,
1240 3928 1357 3992 tinham

331 4015 443 4080 multas
456 4015 658 4079 neceffidades
672 4015 710 4076 de
724 4035 889 4078 concorrer
902 4015 936 4080 als
950 4036 1038 4080 eruas
1049 4037 1182 4100 guerras,
1196 4037 1213 4078 e
1227 4036 1357 4100 cerquos

331 4097 771 4273 ttldttlttlttlffil
779 4103 1200 4274 lssitllltiltlllt
1213 4103 1357 4256 {llll}

332 4276 371 4340 de
385 4277 503 4341 todalas
516 4299 640 4363 naooes,
660 4299 677 4340 e
692 4278 786 4340 vindo
801 4299 857 4361 por
873 4298 955 4340 maar
969 4279 1008 4341 ha
1020 4277 1080 4341 este
1094 4277 1233 4341 soccorra
1247 4278 1357 4344 multas

330 4363 625 4516 {entezltladlemzea
635 4362 882 4515 esFraamJnguost,
892 4387 910 4427 e
921 4381 1024 4514 οιὲῑηε
1036 4366 1074 4427 de
1084 4380 1192 4515 claim
1202 4366 1357 4518 hodNorte

330 4471 556 4623 erzalliacapltaoess
571 4473 743 4624 pillicidaes
754 4475 900 4624 Ilddild
916 4473 1229 4620 dolldleulledlandgoee
1251 4473 1357 4608 galil?

329 4647 398 4710 geo,
422 4627 524 4691 conde
547 4628 586 4692 de
611 4627 636 4692 F
639 4626 714 4708 rista,
744 4650 816 4691 com
845 4649 906 4712 que
930 4629 1013 4692 hiam
1035 4643 1143 4692 outros
1165 4627 1356 4707 senhorea,e

330 4715 438 4800 goldes
462 4717 601 4796 homens,
623 4738 641 4781 e
662 4717 753 4784 sendo
775 4737 825 4780 em
839 4737 931 4796 maar,
950 4738 999 4779 em
1020 4718 1117 4780 travia
1138 4717 1176 4782 de
1192 4715 1356 4800 Portugual
