4362 6560
749 985 831 1103 176
887 986 1131 1117 ‘Testimonio
1153 990 1195 1082 in
1219 989 1436 1082 Germania
1445 989 1619 1116 scripto.

740 1249 945 1316 misericordia
958 1249 1011 1330 est,
1025 1266 1058 1316 ut
1072 1251 1155 1315 illico
1171 1267 1314 1335 peccator
1324 1253 1444 1316 veniat:
1459 1253 1509 1314 ubi
1522 1274 1594 1316 eum
1605 1251 1694 1318 Deus
1707 1273 1762 1336 per

741 1341 938 1423 predicatoris
951 1338 1149 1403 ministerium
1163 1339 1324 1404 illuminet.

779 1429 818 1492 Et
830 1451 876 1512 rgo
893 1429 1043 1578 nesciebam
1057 1453 1118 1492 eunt
1132 1426 1260 1508 (lomim,
1273 1449 1295 1508 1,
1311 1431 1377 1512 31):
1392 1427 1487 1493 nescit
1501 1431 1535 1508 is,
1549 1430 1601 1514 qui
1617 1427 1763 1513 predicat,

741 1518 852 1601 inquo
878 1513 911 1578 Ie
924 1537 958 1580 us
974 1536 1026 1598 per
1043 1518 1170 1598 gratiam
1191 1515 1235 1594 sit,
1254 1516 1302 1578 vel
1316 1517 1367 1580 cui
1392 1532 1552 1600 peccatum
1576 1518 1689 1598 tulerit,
1710 1515 1763 1582 nifi

741 1619 889 1690 quantum
903 1604 1104 1667 exterioribus
1118 1601 1207 1687 fignis
1220 1605 1385 1688 cognoscit.
1410 1605 1440 1668 Si
1463 1606 1574 1670 viderit
1587 1607 1764 1690 quempiam

742 1691 858 1777 fignum
872 1692 970 1756 crucis
991 1707 1116 1775 propter
1125 1689 1224 1754 Iesum
1246 1691 1465 1776 suscipientem,
1479 1710 1604 1776 peccata
1625 1715 1698 1756 cum
1719 1693 1764 1757 la·

741 1782 860 1931 crqmiq
866 1779 1063 1844 confitentem
1078 1802 1085 1843 :
1100 1796 1174 1842 tunc
1188 1779 1269 1864 quast
1283 1781 1347 1859 scit,
1360 1777 1459 1845 Iesum
1473 1782 1515 1845 ibi
1529 1781 1598 1862 esse,
1612 1783 1662 1845 ubi
1680 1785 1764 1866 prius

741 1890 781 1931 ne
793 1890 841 1932 cte
862 1884 902 1933 at.

776 1970 826 2020 Sed
840 1979 869 2021 at
885 1968 1050 2038 meilisirtrar
1067 1968 1093 2021 in
1114 1968 1211 2036 lsrael:
1227 1977 1358 2038 propterea
1374 1968 1439 2022 veni
1454 1985 1498 2039 ega
1514 1968 1540 2022 in
1552 1987 1620 2038 aqua
1631 1969 1765 2040 baptizares
1778 1969 1989 2082 Diis-iraqvffl.

743 2049 852 2114 (Ioann,
865 2063 885 2113 1,
900 2051 949 2114 31).
1793 2049 1897 2099 ¹‚⁶472
1917 2048 1970 2097 Ψ

779 2126 902 2196 Magister
914 2127 1029 2180 oliverus
1042 2127 1196 2181 scholasticus
1211 2127 1373 2194 coloniensis,
1394 2145 1452 2181 eum
1465 2127 1590 2198 accipisset
1604 2129 1627 2181 in
1641 2127 1765 2182 mandatis
1833 2116 1856 2162 ⁹⁴
1870 2111 1922 2158 ¹⁷²

742 2223 757 2258 a
770 2205 874 2259 domino
892 2206 1041 2260 Innocentio
1052 2224 1118 2277 papa
1140 2207 1277 2278 predicare,
1301 2224 1400 2260 crucem
1422 2207 1672 2279 inarcbiepiscopatu
1686 2209 1765 2264 Colo·

742 2283 826 2350 niensr,
847 2285 946 2338 dirersis
958 2285 1092 2356 provinciis
1110 2286 1227 2352 lustratia,
1247 2286 1357 2339 venitin
1379 2286 1497 2354 Frisium3
1520 2287 1623 2357 cupiens
1639 2288 1765 2358 persuum

743 2363 903 2416 ministerium
916 2365 991 2417 eriam
1006 2365 1039 2418 ibi
1052 2365 1200 2418 manifestari
1212 2365 1319 2435 gloriam
1331 2364 1397 2418 Iesu.
1411 2365 1532 2425 Quicum
1544 2367 1650 2420 eandem
1662 2379 1766 2436 gentem

743 2443 825 2496 verbis
846 2444 1005 2496 commotirie
1024 2444 1123 2515 copiose
1143 2445 1286 2514 baptizasset
1307 2444 1383 2496 duros
1404 2444 1437 2496 ad
1451 2443 1620 2498 obediendum
1634 2445 1766 2516 fignationi

742 2520 880 2588 invasisset,
893 2523 1036 2592 desperatus
1049 2523 1181 2594 cogitabat
1199 2523 1287 2577 redire.
1303 2527 1337 2576 Et
1350 2539 1418 2589 ecce,
1429 2523 1480 2576 due
1492 2540 1579 2576 cruces
1589 2523 1676 2577 celitus
1688 2541 1767 2596 appa·

743 2615 845 2654 ruerunt
857 2602 882 2654 in
894 2619 960 2669 aere,
974 2602 1009 2654 ita
1021 2615 1049 2655 ut
1061 2605 1095 2654 ab
1109 2603 1226 2655 omnibus
1238 2603 1389 2667 viderentur,
1401 2602 1445 2672 qui
1458 2614 1529 2656 erant
1542 2604 1565 2656 in
1579 2603 1689 2656 statione
1704 2601 1767 2664 Qui·

743 2681 802 2732 dam
823 2681 905 2734 testati
925 2682 990 2748 sunt,
1011 2681 1136 2735 Christum
1158 2682 1304 2735 salvatorem
1326 2683 1349 2735 se
1370 2681 1395 2733 in
1414 2697 1487 2734 eruce
1507 2680 1604 2736 ridiffer
1626 2681 1767 2753 exquibus

744 2759 876 2813 rifionibue
897 2761 1004 2831 populus
1020 2761 1055 2814 ita
1073 2761 1231 2814 confortatus
1249 2761 1292 2826 esi,
1309 2761 1345 2813 ita
1357 2759 1500 2826 letificatus,
1520 2772 1550 2814 ut
1562 2761 1671 2814 maxima
1684 2761 1766 2816 mutu

744 2839 807 2892 tudo
823 2858 854 2894 ex
872 2852 983 2911 utroque
1000 2842 1059 2896 sexu
1079 2844 1104 2895 δι
1120 2842 1214 2896 diverse
1227 2843 1300 2894 etatis
1313 2841 1465 2911 signareturs
1488 2841 1520 2894 fio
1532 2842 1587 2894 lesu
1599 2842 1769 2894 manifestatus

744 2919 778 2972 esi
791 2918 816 2973 in
830 2933 919 2990 gentes
932 2920 1074 2987 Frisonuro‚
1090 2939 1140 2991 que
1153 2920 1242 2974 meruit
1256 2920 1305 2975 esse
1316 2921 1399 2986 Israel,
1412 2921 1565 2974 deridendo
1577 2923 1670 2975 Deum.
1684 2920 1769 2974 Huius

745 2997 779 3051 rei
792 3000 865 3052 testes
878 3000 933 3054 sunt
945 3000 1062 3054 dominus
1074 3002 1154 3054 abbas
1166 3000 1257 3064 noster,
1278 3001 1303 3053 dc
1315 2999 1465 3053 infirmarius
1478 3000 1567 3066 noster,
1579 2999 1623 3070 qui
1631 3011 1693 3054 tune
1705 3011 1770 3056 ten·

746 3077 813 3146 poris
826 3080 950 3150 presentes
962 3080 1077 3145 erant,&
1091 3079 1206 3132 viderunt
1220 3080 1298 3132 oculis
1312 3079 1366 3132 suis.

781 3196 868 3212 .....
878 3158 910 3211 Bt
919 3169 974 3212 nnc
986 3159 1110 3212 videbant
1120 3157 1207 3212 Filiam
1218 3158 1321 3212 homimr
1333 3159 1471 3211 varam
1483 3158 1509 3211 in
1519 3157 1623 3212 redibas
1630 3177 1685 3212 rm
1692 3158 1770 3228 petes·

745 3247 795 3289 tate
806 3254 899 3308 magea
912 3237 1099 3306 &maissiam
1111 3239 1235 3307 (Matth.‚
1247 3253 1324 3303 mv,
1341 3237 1396 3308 3¹)-

838 3366 947 3434 [διῄτων
956 3370 1029 3418 raiatia
1039 3385 1089 3434 qu
1098 3369 1166 3434 reflat
1175 3371 1197 3418 ie
1208 3368 1297 3432 Dialofl.
1308 3369 1444 3430 minolon,
1456 3369 1502 3434 dist.
1513 3369 1545 3429 Χ,
1555 3386 1575 3418 r.
1586 3369 1676 3433 ψῃ]

788 3505 886 3570 Tales
901 3506 969 3571 sunt
988 3507 1082 3570 hodie
1096 3507 1222 3591 quidam
1244 3507 1451 3590 predicatores
1471 3507 1570 3570 crucis
1590 3507 1641 3590 qui
1663 3503 1770 3591 fignari
1781 3515 1828 3576 111,
1839 3513 1903 3578 1³4⁶

753 3594 938 3676 volentibus,
952 3611 1105 3678 quotquot
1119 3595 1168 3658 vel
1182 3617 1257 3678 quas
1271 3594 1385 3660 animas
1400 3596 1558 3679 requirunt
1571 3597 1610 3658 de
1628 3610 1773 3678 purgato-

750 3683 1115 3836 {iisiiffiddi‘issi
1137 3683 1773 3836 {sitibitassistitis&

751 3860 819 3923 soro
836 3861 1006 3922 viventium
1020 3860 1121 3922 anime
1136 3861 1316 3942 corporibus
1330 3858 1435 3938 solute,
1449 3881 1509 3942 qua
1523 3859 1623 3922 fronte
1635 3858 1773 3923 viventes

749 3945 816 4010 illae
827 3946 1003 4029 presumunt
1014 3946 1165 4008 vendere?
1174 3946 1285 4010 Usuras
1293 3947 1323 4010 δι
1331 3947 1450 4029 rapinas
1463 3963 1495 4009 ut
1508 3948 1668 4024 retineant,
1678 3946 1774 4009 licen-

752 4037 838 4115 tiant,
853 4036 927 4097 dum
942 4049 1060 4096 tantum
1074 4036 1110 4096 ad
1133 4033 1276 4118 laqueum
1290 4035 1389 4097 crucis
1408 4034 1521 4097 multos
1542 4035 1670 4097 trahant.
1690 4031 1774 4119 Quis

755 4144 892 4207 unquam
906 4123 1086 4186 Sanctorum
1101 4123 1211 4208 legitur
1225 4124 1294 4186 talia
1309 4120 1471 4205 predicasse
1485 4128 1497 4184 i
1512 4123 1616 4186 detali
1638 4123 1775 4205 predica·-

750 4211 836 4275 tione
849 4211 963 4275 dicitur
977 4231 1030 4294 per
1045 4210 1252 4294 prophetam?
1274 4237 1287 4268 e
1304 4209 1446 4294 Caupones
1459 4213 1548 4297 vestri
1563 4211 1676 4300 miscent
1697 4233 1774 4293 equa

748 4301 876 4363 vinum»
893 4298 969 4378 (les,
981 4317 1003 4378 1,
1019 4301 1069 4380 22)
1083 4298 1095 4362 i
1109 4320 1171 4361 non
1197 4295 1388 4361 considerant
1408 4298 1579 4381 apostolum
1598 4299 1773 4362 dicentem:

750 4411 764 4448 a
782 4386 813 4449 Si
824 4387 989 4469 aistribuere
1002 4389 1031 4449 in
1044 4387 1115 4451 cibos
1125 4402 1284 4472 pauperum
1298 4409 1386 4450 onmes
1389 4387 1547 4470 facultates
1563 4409 1648 4464 meas,
1661 4387 1697 4448 is
1709 4399 1774 4448 tra·

750 4475 877 4539 cria'dm
887 4491 986 4560 corpas
994 4498 1094 4555 meant,
1112 4477 1153 4539 iia
1163 4489 1197 4538 ut
1207 4476 1345 4539 ardeam:
1358 4475 1524 4538 charitatem
1541 4489 1634 4538 autem
1650 4497 1703 4536 nm
1720 4473 1775 4536 ba·

751 4586 766 4625 e
783 4563 956 4642 haeremus
965 4563 1033 4626 mibi
1039 4565 1151 4650 prodest
1161 4587 1174 4620 ι
1186 4573 1212 4637 (1
1224 4563 1376 4642 Corium,
1386 4580 1455 4642 xm,
1462 4563 1500 4645 3).
1510 4561 1683 4649 Quomodo
1690 4581 1775 4624 mor-

751 4651 811 4714 tuis
825 4649 977 4734 prodesset
990 4650 1107 4714 oblatio
1121 4666 1184 4714 tam
1197 4649 1480 4729 fermentarentur
1492 4665 1553 4712 tarn
1562 4648 1775 4725 infrustuosum

750 4759 821 4802 eum
839 4735 909 4822 ipsis
929 4736 1050 4822 sigrsatia
1070 4739 1228 4802 modicum
1246 4736 1384 4822 prodesse
1401 4736 1562 4802 credatur?
1578 4737 1652 4801 utile
1672 4754 1774 4801 tamen
