4362 6560
770 973 853 1094 158
942 971 1183 1098 ‘Testimonin
1204 969 1247 1061 in
1270 965 1413 1061 Gallia
1424 967 1606 1092 scriptu.

762 1233 928 1296 secundum
945 1229 1059 1295 annum
1079 1233 1126 1295 vel
1146 1229 1321 1314 amplius&
1335 1231 1467 1314 prefatus
1485 1230 1547 1292 dux
1571 1225 1735 1293 advenisset
1754 1229 1784 1293 dt

762 1321 894 1406 populus
907 1318 1084 1384 excrevisset
1101 1321 1289 1400 incivitate,
1310 1319 1424 1382 nuum
1446 1318 1489 1382 est
1511 1319 1550 1381 de
1573 1317 1699 1380 consilio
1717 1338 1785 1400 pre-

762 1409 814 1472 fati
829 1409 926 1485 ducis,
939 1423 974 1470 ut
986 1408 1080 1486 aiunt,
1093 1407 1123 1469 δι
1137 1406 1226 1490 legati
1251 1407 1327 1470 sedis
1346 1404 1552 1490 apostolice&
1566 1405 1697 1468 aliorum
1719 1425 1785 1468 rec-

762 1513 863 1560 torum
894 1495 1011 1578 populi,
1040 1511 1073 1558 ut
1098 1495 1185 1559 multi
1210 1516 1282 1557 cum
1305 1493 1415 1558 eisdem
1441 1494 1658 1577 egrederentur
1679 1493 1717 1556 de
1740 1494 1784 1556 ci·

761 1585 853 1646 vitate
882 1584 919 1646 ad
947 1585 1162 1665 occupandum
1184 1582 1337 1666 quendam
1365 1581 1470 1644 locum
1497 1603 1554 1664 pro
1584 1581 1784 1646 construenda

762 1670 876 1734 ibidem
896 1690 977 1733 nova
996 1671 1119 1733 civitate
1139 1686 1247 1733 contra
1268 1671 1458 1734 Sarracenos.
1479 1667 1555 1732 Erat
1577 1685 1680 1732 autem
1698 1668 1784 1733 locus

762 1759 813 1822 ille
828 1760 906 1822 inter
919 1759 996 1821 duos
1009 1757 1120 1822 fluvios
1134 1759 1165 1820 in
1179 1759 1291 1841 angulo
1307 1755 1387 1836 litus,
1402 1757 1453 1819 ubi
1469 1759 1594 1841 quidam
1608 1774 1727 1820 torrens
1747 1758 1785 1821 de

762 1847 918 1910 montibus
929 1846 1044 1908 Arabie
1058 1845 1186 1909 cadebat
1200 1846 1230 1908 in
1246 1846 1356 1910 Nilum
1377 1845 1514 1909 fluvium.
1537 1845 1681 1928 Cumque
1700 1846 1786 1908 audi-

763 1952 809 1998 ret
822 1935 982 2014 Soldanus,
996 1936 1110 1999 ibidem
1131 1935 1282 1997 demorari
1300 1935 1452 2016 principes
1467 1933 1497 1996 δι
1511 1934 1680 1996 exercitum
1693 1933 1786 1996 chris·

762 2025 927 2104 tianorum,
941 2022 1015 2085 secit
1027 2043 1120 2105 aquas
1135 2023 1225 2105 ipsrus
1239 2025 1383 2086 torrentis
1397 2025 1428 2086 in
1448 2023 1580 2106 quadam
1595 2022 1785 2084 concavitate

762 2113 792 2175 dt
806 2111 884 2174 valle
900 2113 1053 2174 montium
1067 2112 1203 2190 retineri,
1213 2126 1247 2173 ut
1261 2111 1375 2173 ibidem
1389 2110 1596 2174 excrescerent
1607 2111 1639 2173 in
1653 2110 1786 2172 maxima

762 2201 940 2283 qumtitate.
954 2199 1099 2283 Cumque
1113 2198 1265 2262 christiani
1285 2197 1416 2262 fixissent
1428 2200 1559 2264 tentoria
1573 2199 1622 2261 sua
1636 2198 1665 2261 δι
1685 2199 1787 2260 menia

763 2285 924 2369 posuissent
949 2289 980 2350 in
1003 2286 1119 2369 prefato
1140 2286 1223 2366 loco,
1243 2286 1393 2350 Soldanus
1411 2307 1464 2350 rex
1485 2307 1558 2349 cum
1576 2287 1710 2349 exercitu
1734 2284 1786 2346 suo

762 2378 846 2457 cepit
865 2377 1029 2438 adventare
1058 2372 1089 2437 δι
1117 2378 1155 2438 de
1185 2375 1277 2438 nobie
1300 2375 1377 2438 iuffit
1400 2375 1512 2438 dimitti
1527 2395 1621 2458 aquas
1643 2375 1786 2436 torrentis

763 2461 849 2545 super
863 2463 956 2526 castra
968 2461 1209 2525 christianorum.
1229 2463 1391 2546 Surgentes
1411 2464 1516 2546 itaque
1539 2463 1578 2524 de
1601 2483 1700 2541 mane,
1724 2477 1786 2523 tam

761 2551 903 2614 homines
917 2572 1009 2633 quam
1023 2551 1094 2632 equi
1109 2550 1255 2613 steterunt
1269 2552 1300 2613 in
1316 2552 1401 2633 aquis
1416 2551 1596 2633 profundis;
1610 2565 1684 2612 tunc
1693 2569 1787 2612 coan-

762 2639 894 2723 gustatos
912 2638 991 2722 ipsos
1018 2659 1090 2700 cum
1114 2640 1250 2702 exercitu
1271 2640 1472 2703 circumdedit
1489 2638 1648 2703 soldanus.
1669 2636 1786 2721 Fugam

762 2749 836 2790 vero
847 2748 910 2790 non
925 2727 1114 2790 invenientes
1128 2748 1229 2809 neque
1247 2728 1371 2809 copiam
1389 2725 1540 2791 resistendi
1554 2726 1710 2805 babentes,
1721 2741 1787 2788 tan·

762 2836 855 2900 quam
870 2817 901 2877 in
919 2831 1019 2878 morte
1034 2814 1120 2898 positi
1136 2837 1192 2896 pro
1207 2816 1270 2877 vita
1283 2816 1440 2878 retinenda
1457 2814 1614 2877 humiliter
1638 2813 1788 2896 supplica-

764 2902 845 2964 bant.
858 2901 983 2989 Quibus
997 2903 1146 2966 Soldanus
1161 2918 1318 2985 tamquam
1333 2902 1439 2986 pius&
1453 2903 1654 2966 bonnevitam
1664 2900 1788 2964 conces-

763 2986 842 3052 stt&
860 2990 992 3053 reditum
1012 2990 1049 3052 ad
1072 2989 1121 3051 sua
1153 2989 1203 3052 tali
1228 2991 1422 3070 condicione,
1443 3007 1591 3074 quatenus
1610 2989 1787 3052 Damiatam

762 3077 814 3141 sibi
827 3078 1025 3141 restituerent.
1040 3077 1083 3140 Et
1096 3099 1135 3140 ne
1152 3080 1328 3143 viderentur
1351 3080 1503 3142 christiani
1523 3081 1554 3141 in
1579 3077 1786 3161 pollellionem

762 3165 896 3229 eiusdem
917 3166 1048 3229 civitatis
1062 3165 1190 3246 intrasse,
1204 3164 1264 3230 five
1275 3169 1338 3230 iure
1354 3167 1435 3246 belli,
1450 3164 1510 3229 live
1523 3165 1583 3229 alio
1592 3185 1788 3250 quocumque

763 3257 839 3333 iure,
851 3252 954 3316 statuit
974 3269 1009 3316 ut
1028 3253 1134 3339 singuli
1156 3255 1296 3318 homines
1315 3254 1478 3334 christiani,
1501 3257 1555 3337 qui
1575 3251 1669 3316 essent
1691 3255 1723 3316 in
1744 3274 1789 3333 ea,

764 3363 820 3425 pro
848 3343 930 3405 exitu
956 3341 986 3405 bc
1011 3341 1191 3407 liberatione
1223 3342 1274 3405 sua
1301 3342 1450 3406 solverent
1481 3342 1656 3426 slarlingum
1683 3363 1787 3404 unum.

763 3428 874 3515 Sicque
896 3432 1010 3496 sedtum
1043 3431 1096 3512 est,
1118 3447 1151 3495 ut
1178 3433 1332 3495 exercitus
1357 3430 1543 3510 christianus,
1564 3431 1616 3514 qui
1649 3430 1731 3512 prius
1758 3431 1788 3492 in

762 3517 900 3600 superbia
914 3521 945 3584 δι
959 3523 990 3583 in
1010 3519 1152 3584 abusione
1173 3521 1281 3597 elatus,
1308 3517 1419 3603 absque
1444 3517 1516 3582 Deo
1538 3518 1569 3581 in
1597 3517 1655 3582 suis
1674 3518 1789 3581 viribus

763 3605 931 3688 confidens,
948 3607 1093 3672 fiduciam
1115 3608 1244 3671 habebat
1266 3608 1399 3686 inanem,
1413 3604 1703 3686 confunderetur,&
1727 3621 1788 3668 tam

765 3692 910 3758 Damiata
923 3717 1015 3780 quam
1033 3697 1134 3760 Terra
1148 3696 1248 3760 sanbia
1266 3696 1365 3758 adhuc
1381 3696 1498 3778 perdita
1516 3695 1708 3757 inveniretur.
1730 3693 1789 3756 Fa-

763 3783 846 3845 ciant
856 3782 944 3866 super
954 3785 1015 3848 hoc
1029 3805 1152 3847 rumore
1163 3784 1319 3867 planetum
1334 3783 1626 3846 &lamentationem
1640 3784 1670 3846 dt
1680 3782 1789 3866 deplo-

766 3870 915 3933 rationem
929 3873 971 3950 hi,
985 3875 1037 3956 qui
1052 3872 1148 3935 sciunt
1166 3871 1258 3933 verba
1281 3870 1483 3955 multiplicare
1505 3871 1536 3934 dt
1556 3872 1789 3955 conquestiones

765 3957 803 4019 de
816 3958 905 4022 rebus
920 3960 1137 4025 miserabilibus
1151 3960 1251 4022 facere
1265 3959 1423 4023 &animos
1438 3961 1600 4022 bominum
1621 3961 1657 4022 ad
1681 3960 1788 4044 deplo-

765 4046 894 4107 randum
908 4048 937 4111 δι
951 4049 1201 4132 compatiendum
1215 4046 1273 4110 suis
1288 4046 1381 4130 elegis
1396 4046 1528 4112 versibus
1542 4048 1696 4111 inclinare.
1718 4048 1788 4112 Nos

765 4153 839 4197 vero
860 4136 896 4197 ad
911 4137 1078 4199 texendum
1092 4136 1122 4199 δι
1136 4138 1334 4198 retexendum
1347 4156 1450 4198 rerum
1464 4135 1614 4219 gestarum
1634 4135 1788 4199 historiam

766 4224 1006 4305 properabimus.

696 4337 752 4374 mr
808 4311 902 4375 Anno
913 4312 1044 4376 Domini
1059 4329 1143 4393 1224,
1159 4312 1303 4376 Damiata
1317 4313 1435 4395 perdita
1449 4313 1516 4375 suit.
