4168 6502
547 1005 641 1096 ¹59·
681 973 855 1065 ihomas
875 969 1143 1100 Spalutenfis.
1259 1000 1338 1090 231

329 1261 426 1323 copus
447 1241 552 1303 mortis
571 1239 708 1302 debitum
730 1237 826 1318 solvit,
850 1237 982 1321 sepultus
1001 1260 1075 1302 vero
1096 1238 1138 1301 esl
1151 1242 1236 1304 iuxta
1248 1241 1348 1304 eccle-
1364 1244 1421 1289 ¹²¹⁷

329 1328 398 1392 siam
413 1327 441 1392 S.
456 1327 593 1409 Domnij.
610 1325 752 1391 Protinus
766 1342 867 1390 autem
883 1348 936 1391 rex
951 1325 1029 1391 misit
1043 1329 1079 1390 ad
1094 1329 1259 1392 canonicos
1274 1327 1348 1412 Spa-

330 1416 455 1480 latenses
475 1437 595 1500 rogans,
619 1415 648 1476 δι
671 1414 839 1492 consuleris,
863 1431 897 1477 ut
920 1416 1065 1500 eligerent
1088 1417 1125 1480 de
1144 1418 1272 1497 clericis,
1296 1420 1348 1501 qui

328 1507 410 1568 circa
435 1505 530 1587 ipsum
554 1521 648 1582 erant,
677 1504 808 1565 maxime
836 1504 960 1586 quidam
985 1505 1111 1569 instabat
1134 1529 1190 1590 pro
1215 1508 1349 1589 quodam

329 1593 507 1657 Alexandro
530 1589 662 1676 physico,
685 1592 737 1675 qui
757 1607 820 1654 erat
838 1593 883 1653 vir
907 1592 1101 1657 litteratus&
1122 1595 1273 1674 honestus,
1297 1615 1350 1677 per

329 1703 421 1765 quem
442 1678 566 1744 ecclesie
581 1694 722 1762 poterant
736 1679 831 1740 multa
845 1681 1008 1741 commoda
1023 1683 1188 1762 provenire.
1214 1682 1271 1745 Sed
1287 1703 1348 1744 non

328 1772 385 1832 suit
396 1770 502 1852 petitio
518 1769 595 1850 regis
609 1763 741 1845 admissa,
755 1767 900 1849 quoniam
911 1767 1050 1829 aliorsum
1066 1770 1207 1832 tendebat
1221 1770 1350 1833 intentio

329 1859 489 1922 seniorum.
504 1855 622 1918 Interea
634 1877 686 1917 rex
698 1875 789 1917 naves
804 1852 945 1938 ingressus
960 1855 1132 1937 dispositum
1144 1859 1269 1940 arripuit
1283 1859 1350 1921 iter.

327 1944 513 2029 Spalatenses
527 1965 601 2006 vero
634 1942 784 2005 dederunt
816 1944 843 2005 ei
872 1943 964 2025 usque
992 1943 1190 2007 Dirrachium
1222 1946 1350 2007 duarum

328 2035 482 2118 galearum
503 2031 703 2096 condudlum:
728 2052 791 2093 non
807 2032 907 2113 potuit
928 2053 980 2094 rex
995 2048 1112 2096 tantum
1137 2034 1246 2096 habere
1266 2034 1351 2096 navi-

327 2124 422 2206 gium,
446 2121 529 2205 quod
543 2119 695 2181 sufficeret
719 2118 755 2180 ad
772 2117 934 2202 passagium
959 2121 1102 2184 omnibus
1116 2142 1208 2184 cruce
1222 2119 1351 2205 signatis,

328 2209 527 2294 quamobrem
551 2207 722 2269 necellitate
745 2204 893 2288 compulsi
914 2206 963 2290 alij
987 2209 1139 2272 redierunt
1160 2210 1196 2271 ad
1218 2211 1351 2292 propria,

327 2298 377 2382 alij
394 2318 467 2360 vero
482 2294 720 2377 expefihaverunt
734 2293 825 2377 usque
840 2296 876 2356 ad
892 2316 1006 2358 annum
1021 2296 1203 2379 sequentem.
1230 2296 1351 2359 Eodem

328 2402 465 2468 tempore
480 2383 649 2465 Stephanus
673 2382 816 2445 dominus
830 2380 943 2462 Servie‚
967 2382 1025 2446 sive
1047 2384 1162 2463 Rascie,
1187 2386 1238 2468 qui
1255 2384 1351 2467 Mega

326 2471 482 2557 Iuppanus
493 2469 710 2552 appellabatur,
725 2470 813 2532 millis
825 2471 1008 2552 apocrisariis
1019 2473 1055 2534 ad
1068 2473 1239 2535 Romanam
1251 2471 1352 2535 sedem

329 2561 500 2644 impetravit
523 2559 561 2621 ab
583 2557 726 2620 Honorio
751 2557 868 2619 summo
893 2559 1036 2640 pontifice
1057 2581 1202 2624 coronam
1217 2561 1352 2644 regiam;

328 2651 438 2713 direxit
451 2666 583 2730 namque
598 2645 730 2728 legatum
750 2666 767 2706 a
786 2645 879 2708 latere
901 2647 963 2726 suo,
986 2649 1038 2731 qui
1053 2650 1178 2712 veniens
1192 2647 1352 2711 coronavit

327 2759 398 2801 eum
414 2737 606 2820 primumque
620 2733 776 2796 constituit
793 2753 896 2817 regem
918 2751 995 2797 terre
1010 2735 1068 2798 sue.
1091 2737 1135 2798 At
1146 2757 1198 2799 rex
1213 2736 1352 2798 Andreas

327 2825 364 2888 ad
381 2837 480 2906 partes
495 2822 578 2905 Syrie
600 2821 782 2884 transvedhus
803 2843 948 2905 magnum
964 2840 1079 2886 metum
1094 2822 1252 2888 incusserat
1266 2823 1352 2886 Sara-

327 2913 421 2992 cenis,
445 2909 603 2992 explicatis
617 2905 763 2990 siquidem
779 2910 828 2973 sue
843 2910 950 2974 militie
964 2912 1062 2992 copiis
1076 2912 1150 2974 abiit
1164 2912 1231 2976 satis
1246 2909 1352 2994 procul

329 2999 484 3082 aregione
505 2995 656 3057 maritima
675 3017 850 3079 expugnaris
868 2996 973 3077 castra,
996 2998 1026 3059 dr
1039 2998 1136 3078 villas,
1156 2999 1186 3062 dr
1205 2999 1352 3062 obstantia

328 3107 451 3173 queque
465 3082 658 3147 conculcaris.
683 3083 739 3146 Sed
755 3084 858 3148 invida
871 3087 1002 3150 satorum
1017 3086 1105 3151 series
1120 3087 1253 3170 preclara
1268 3087 1352 3168 prin-

328 3178 405 3261 cipis
428 3173 598 3258 prepedivit
617 3171 747 3254 incepta,
767 3195 824 3236 nec
845 3174 943 3238 bonos
958 3171 1048 3257 ipsius
1063 3171 1208 3238 successus
1223 3170 1353 3257 permisit

327 3263 452 3328 ulterius
468 3258 609 3344 progredi
625 3259 783 3324 Lucanus:

447 3389 697 3540 gnuidqfatoriim
702 3389 792 3478 series
798 3386 971 3480 summisque
984 3407 1113 3474 negatum

466 3492 529 3541 iare
562 3501 590 3539 iu
605 3523 703 3540 .....

368 3602 451 3666 Ecce
475 3603 588 3665 etenim
609 3602 709 3664 nescio
733 3623 770 3664 an
795 3602 916 3664 suorum
940 3624 977 3666 ari
1002 3619 1216 3668 extraneorum
1239 3602 1353 3668 nefaria

328 3694 481 3755 temeritas
496 3693 576 3776 regis
591 3692 782 3754 machinatur
796 3693 826 3752 in
841 3707 981 3769 mortem,
1000 3692 1153 3774 impiaque
1168 3712 1274 3754 manus
1288 3692 1353 3754 dia-

281 3773 287 3788 '
329 3779 436 3843 bolicis
451 3795 565 3842 armata
580 3779 717 3841 versutiis
731 3796 914 3842 venenatum
931 3780 960 3841 ei
982 3779 1120 3841 haustum
1137 3779 1288 3861 propinat
1303 3779 1352 3843 Ex

327 3889 390 3952 quo
412 3867 521 3931 scelere
541 3867 592 3929 viii
616 3869 721 3931 mortis
743 3868 844 3949 potuit
862 3867 1031 3949 periculum
1052 3868 1173 3930 evitare.
1193 3867 1352 3931 Necdum

327 3975 401 4017 vero
416 3954 539 4017 sanitate
561 3953 597 4015 ad
618 3954 769 4036 integrum
788 3970 964 4035 recuperata
988 3953 1133 4016 redeundi
1147 3954 1230 4036 cepit
1242 3953 1352 4016 habere

328 4041 526 4123 propositum,
550 4062 668 4119 verens,
689 4042 718 4103 se
739 4040 885 4123 suumque
899 4061 1027 4123 regnum
1042 4041 1073 4103 in
1088 4055 1206 4104 tantum
1221 4040 1352 4122 precipi-

327 4144 392 4191 tare
413 4129 586 4208 discrimen,
608 4129 793 4212 credensque
817 4130 855 4191 de
879 4129 931 4192 suo
957 4146 1031 4192 voto
1056 4129 1185 4210 pleniter
1210 4127 1351 4191 Domino

328 4213 517 4298 satisfactum,
531 4218 641 4300 incipit
653 4238 724 4280 cum
740 4218 824 4280 omni
838 4217 986 4281 comitatu
1001 4216 1053 4279 suo
1071 4215 1107 4278 ad
1124 4217 1219 4297 patrie
1234 4215 1352 4300 regredi

327 4302 411 4370 lines.
436 4305 550 4370 Noluit
564 4321 666 4368 autem
681 4305 805 4369 ulterius
824 4305 948 4368 marinis
971 4304 1000 4367 se
1013 4304 1206 4367 committere
1227 4301 1353 4381 casibus,

327 4391 375 4454 sed
399 4415 454 4475 per
467 4410 579 4456 terram
600 4394 794 4472 iterfaciens,
813 4395 898 4456 venit
912 4393 1121 4470 Antiochiam,
1144 4391 1254 4454 deiride
1268 4406 1351 4455 tran·

328 4479 394 4544 sivit
415 4484 446 4546 in
463 4483 621 4561 Greciam,
645 4483 697 4545 ubi
712 4483 856 4546 affinitate
876 4481 1031 4546 contrasia
1049 4502 1122 4544 cum
1136 4479 1265 4544 Lascaro
1280 4500 1352 4563 rege

329 4569 514 4648 Grecorum,
539 4572 617 4634 ultra
632 4572 833 4654 progreditur,
857 4571 975 4653 accepit
998 4570 1081 4633 enim
1102 4567 1196 4630 filiam
1209 4568 1274 4630 eius
1286 4565 1351 4630 lilio

328 4655 380 4718 suo
401 4659 607 4741 primogenito
622 4657 696 4721 Bele
715 4661 745 4722 in
765 4679 904 4738 uxorem,
927 4657 1037 4720 exinde
1059 4655 1222 4739 peragratis
1237 4655 1351 4720 Grecie

328 4744 449 4826 finibus,
474 4744 607 4810 ascendit
620 4747 651 4810 in
666 4745 852 4830 Bulgariam,
876 4747 927 4808 uhi
949 4746 986 4808 ab
1001 4745 1127 4824 Oxano,
1150 4742 1352 4826 Bulgarorum
