4168 6502
734 950 822 1034 244
918 921 1158 1050 ‘sestimonr'o
1179 921 1220 1014 in
1242 921 1369 1014 ltalia
1378 921 1560 1051 scripta.

659 1193 718 1241 1218
730 1180 845 1243 riorum
860 1179 1031 1244 innumeras
1046 1182 1207 1245 ordinavit.
1215 1182 1311 1244 Tunc
1324 1179 1475 1244 christiani
1487 1181 1525 1243 de
1539 1182 1616 1263 regis
1630 1180 1660 1243 ἃ
1674 1181 1749 1244 alio-

730 1288 797 1329 rum
811 1267 935 1330 consilio
949 1268 979 1331 br
993 1268 1144 1348 consensu,
1166 1271 1218 1352 qui
1239 1286 1377 1352 preerant
1396 1269 1551 1348 exercitui,
1572 1284 1605 1331 ut
1625 1268 1750 1332 liberior

731 1357 774 1419 eis
789 1371 905 1438 pateret
918 1356 956 1417 ad
970 1355 1125 1420 civitatem
1139 1355 1280 1435 accessus,
1292 1377 1467 1439 expugnare
1481 1371 1597 1418 turrem
1611 1356 1749 1439 primitus

731 1444 937 1527 previderunt,
959 1443 1102 1526 &pretio
1124 1465 1141 1505 a
1158 1443 1184 1507 F
1186 1444 1343 1522 risonibus,
1363 1465 1423 1506 una
1435 1443 1588 1506 condudla
1601 1444 1750 1524 cochone,

730 1552 823 1615 quam
834 1547 957 1614 propter
968 1533 1080 1614 ignem,
1094 1553 1187 1615 quem
1201 1531 1243 1594 illi
1259 1534 1311 1615 qui
1326 1548 1410 1597 erant
1421 1533 1450 1594 in
1463 1532 1536 1594 turri
1551 1530 1647 1612 sepius
1658 1533 1750 1594 iacie-

730 1621 812 1698 bant,
826 1621 917 1682 coriis
931 1620 1102 1684 morticinis
1116 1619 1222 1683 &aliis
1236 1618 1404 1683 necessariis
1419 1620 1554 1702 undique
1566 1620 1751 1700 munienmt,

729 1709 810 1771 viros
825 1709 953 1771 audaces
968 1707 998 1771 δι
1012 1708 1181 1788 bellicosos,
1196 1709 1247 1790 qui
1263 1730 1317 1790 per
1330 1707 1438 1770 scalam
1452 1707 1583 1788 ligneam
1598 1705 1665 1770 satis
1679 1709 1751 1770 arti-

729 1794 830 1860 ficiose
843 1794 1041 1878 compositam
1052 1795 1198 1858 deberent
1209 1795 1409 1858 conscendere
1424 1811 1539 1858 turrem
1552 1793 1655 1876 ipsam,
1669 1796 1750 1859 ordi·

729 1882 920 1946 naverunt&
935 1883 1098 1967 posuerunt
1118 1884 1148 1948 in
1169 1905 1213 1946 ea.
1239 1882 1345 2034 (guam
1365 1904 1437 1946 cum
1448 1904 1501 1965 per
1515 1883 1642 1944 fluvium
1658 1883 1752 1946 duce·

730 1987 798 2034 rent
811 1971 913 2053 aliquo
928 1993 990 2034 non
1001 1972 1146 2051 obstante,
1159 1973 1231 2034 hinc
1266 1971 1414 2033 artacenis
1428 1971 1499 2033 hinc
1511 1970 1677 2032 christianis
1691 1970 1752 2033 alta

730 2076 807 2119 voce
820 2056 1020 2122 clamantibus
1035 2057 1124 2142 seque
1138 2059 1263 2120 vicissim
1277 2057 1454 2120 ferientibus
1469 2054 1615 2119 iaculis&
1628 2055 1751 2139 sagittis,

729 2143 877 2222 volentes,
898 2146 950 2228 qui
966 2162 1050 2209 erant
1071 2147 1101 2210 in
1117 2147 1255 2208 cochone
1274 2144 1382 2207 scalam
1397 2145 1425 2206 in
1441 2145 1530 2206 turris
1545 2162 1657 2225 ponere
1672 2144 1751 2206 sum-

731 2230 846 2312 mitate,
867 2231 897 2294 dr
919 2255 973 2316 per
995 2235 1080 2296 illam
1100 2234 1310 2308 conscendere,
1334 2249 1425 2314 prout
1448 2235 1545 2294 fuerat
1568 2232 1752 2312 ordinatum,

731 2319 803 2378 dum
822 2318 989 2382 niterentur
1003 2321 1035 2381 in
1049 2319 1237 2382 ascendendo
1252 2321 1308 2382 viri
1323 2319 1436 2382 cordati
1452 2319 1527 2381 alter
1541 2318 1669 2380 alterum
1684 2338 1751 2400 pre-

731 2406 844 2485 venire,
866 2429 939 2470 mox
962 2411 992 2470 in
1008 2424 1104 2491 partes
1118 2407 1194 2470 scala
1209 2408 1372 2484 consrasla,
1395 2405 1514 2468 loricati
1530 2403 1650 2483 milites,
1674 2406 1750 2487 proh

732 2491 833 2555 dolor!
854 2497 1040 2574 ceciderunt,
1054 2515 1185 2579 quorum
1198 2496 1278 2558 haud
1294 2494 1421 2557 dubium
1435 2493 1478 2556 est
1491 2495 1522 2555 iu
1536 2493 1638 2555 celum
1651 2493 1751 2554 anime

731 2579 896 2645 avolarunt
925 2582 967 2646 Et
988 2583 1080 2646 nostri
1106 2598 1178 2646 tunc
1203 2581 1382 2664 imperfeslo
1406 2581 1530 2663 negotio
1555 2578 1651 2642 tristes
1676 2578 1752 2660 sunt,

732 2665 893 2731 letantibus
905 2691 922 2731 e
933 2671 1083 2733 contrario
1094 2669 1276 2747 Sarracenis,
1290 2669 1326 2731 ad
1338 2669 1431 2731 callra
1442 2666 1564 2744 reversi;
1577 2688 1635 2730 nec
1649 2683 1750 2730 tamen

731 2752 907 2819 destiterunt
920 2779 938 2819 a
951 2760 1057 2840 ceptis,
1078 2759 1152 2840 quin
1167 2759 1262 2819 immo
1285 2757 1322 2818 ad
1337 2755 1516 2838 capiendam
1530 2771 1644 2818 turrem
1657 2754 1751 2839 ipsam

730 2840 940 2906 vehementius
950 2847 1130 2908 animantur.
1146 2845 1195 2906 Ad
1209 2866 1300 2927 quam
1311 2866 1382 2907 cum
1395 2865 1448 2927 per
1456 2865 1548 2927 aquas
1563 2844 1752 2922 accederent,

731 2928 859 2992 navibus
874 2929 904 2993 δι
921 2930 1067 2994 scalarum
1078 2933 1206 3015 ingeniis
1219 2933 1389 3014 geminatis,
1403 2932 1433 2996 dr
1447 2953 1500 3015 per
1514 2947 1621 2995 terram
1635 2934 1752 3007 darent,

732 3030 767 3077 ut
792 3033 943 3099 poterant,
973 3021 1145 3102 frequentes
1174 3019 1307 3098 insultus,
1335 3020 1437 3083 divina
1463 3022 1587 3082 dextera
1613 3018 1752 3095 faciente,

619 3124 720 3184 num
733 3102 833 3165 mense
854 3105 983 3188 Augusti
1004 3108 1035 3168 in
1059 3107 1132 3170 sesto
1153 3107 1231 3170 beati
1256 3106 1464 3170 Bartholomei
1479 3106 1617 3189 apostoli,
1639 3122 1753 3169 turrem

733 3189 826 3272 ipsam
837 3193 1044 3274 optinuenmt,
1058 3195 1150 3278 &qui
1166 3196 1196 3257 in
1208 3217 1244 3258 ea
1254 3196 1369 3259 inventi
1384 3194 1449 3257 sunt
1460 3195 1566 3278 gladiis
1581 3195 1753 3256 occubuere

733 3277 913 3359 nostrorum,
926 3282 1104 3364 quibusdam
1116 3282 1318 3346 nobilioribus
1333 3282 1485 3345 reservatis
1500 3282 1536 3344 ad
1552 3282 1655 3360 vitam,
1676 3302 1753 3365 quos

734 3387 786 3429 rex
796 3365 1074 3433 lherosolimitanus
1085 3371 1203 3433 vindios
1215 3371 1324 3432 Accon
1336 3371 1439 3453 dirigit
1449 3371 1480 3432 in
1492 3371 1616 3432 vidiorie
1628 3367 1753 3451 signum.

663 3475 722 3522 ms
775 3453 914 3537 Pelagius
934 3456 1112 3521 Albanensrs
1135 3457 1294 3540 episcopus
1315 3479 1332 3520 a
1355 3455 1523 3521 Brundusio
1544 3479 1616 3520 cum
1629 3455 1753 3537 Iacobo,
1767 3491 1788 3536 p.
1800 3485 1846 3534 ³³9

734 3545 848 3605 comite
868 3545 996 3624 Andrie,
1017 3546 1148 3609 Romani
1164 3549 1314 3609 exercitus
1334 3547 1470 3629 principe
1484 3546 1516 3608 in
1530 3545 1647 3628 Syriam
1661 3544 1753 3608 trans-

734 3629 832 3692 fretat
853 3630 895 3693 Et
915 3648 988 3696 tunc
1001 3634 1141 3697 nonnulli
1161 3656 1252 3697 cruce
1275 3634 1378 3716 signati
1393 3634 1431 3696 de
1446 3650 1525 3696 terra
1538 3633 1638 3697 saneti
1655 3633 1754 3696 Bene-

734 3718 808 3781 disti
832 3720 1012 3784 &aliarum
1036 3725 1167 3805 partium
1192 3744 1210 3785 a
1233 3722 1346 3788 Gaieta
1368 3723 1500 3806 navigio.
1525 3719 1753 3784 lherosolimam

734 3823 842 3889 petunt
848 3836 858 3885 ;
879 3808 908 3871 δι
922 3808 1062 3892 prospere
1077 3813 1287 3893 pervenientes
1301 3811 1421 3890 Accon,
1440 3811 1543 3873 audito
1559 3811 1596 3872 de
1610 3809 1753 3892 captione

734 3897 831 3974 turris,
844 3897 958 3960 vadunt
972 3895 1033 3960 stne
1046 3919 1131 3961 more
1145 3898 1282 3981 periculo
1298 3896 1482 3961 Damiatam.

660 4013 720 4062 1219
769 3987 859 4041 Christi
880 3988 1003 4040 exercitus
1023 3989 1126 4042 fluvium
1147 3990 1285 4042 transmeat
1296 3989 1424 4054 Damiate‚
1445 3987 1560 4058 &posita
1582 3987 1676 4040 civitati
1688 3987 1753 4040 obsr·
1765 4010 1787 4056 p.
1799 4005 1845 4052 340

733 4065 819 4131 dione,
837 4084 896 4118 cum
917 4067 1031 4120 soldanus
1054 4067 1151 4137 fugiens
1173 4079 1254 4121 metus
1273 4069 1346 4120 causa
1369 4069 1458 4122 relietis
1479 4067 1591 4120 tentoriis
1610 4066 1635 4119 in
1655 4078 1752 4136 partem
1780 4087 1802 4132 E
1818 4087 1935 4150 Μὰ,

733 4143 837 4198 alterarn
858 4145 987 4210 secefl'erit,
1007 4147 1061 4216 post
1079 4149 1170 4217 strages
1183 4147 1309 4216 plurimas,
1328 4147 1382 4217 poll
1395 4148 1506 4217 sumptus
1520 4146 1677 4215 multiplices,
1700 4146 1774 4214 post(
1868 4165 1893 4206 e,
1907 4149 1941 4206 V,

635 4229 719 4291 Non5
734 4221 831 4276 labores
843 4227 867 4277 dv
879 4225 972 4277 damna
983 4226 1114 4279 innumera
1133 4228 1215 4280 mense
1227 4227 1376 4279 Novembris
1394 4226 1418 4278 in
1432 4226 1517 4295 vigilia
1531 4223 1596 4278 beati
1609 4223 1751 4276 eonsefl'oris
1815 4215 1896 4270 ¹479·)

734 4304 869 4368 Leonardi,
889 4303 998 4373 optinuit
1015 4306 1117 4358 tandem
1137 4306 1243 4359 faciente
1256 4305 1360 4358 domino
1372 4306 1527 4371 Damiatnm,
1545 4304 1594 4356 hoe
1605 4303 1657 4371 ipso
1669 4303 1753 4355 Alba·

732 4381 799 4433 nenfi
811 4382 928 4452 episcopo
941 4395 1100 4452 procurante.
1123 4383 1219 4436 Civitas
1231 4395 1315 4437 autem
1330 4383 1380 4453 ipsa
1393 4401 1465 4450 auro,
1487 4379 1610 4454 lapidibus
1631 4382 1752 4452 pretiosis,

732 4460 820 4530 pannis
831 4461 909 4514 sericis
919 4462 1039 4532 rebusque
1053 4462 1142 4531 opimis
1151 4463 1224 4533 plena
1237 4463 1337 4516 inventa
1349 4464 1392 4526 est,
1405 4462 1540 4532 dequibus
1554 4461 1647 4514 ditatus
1661 4460 1751 4515 Christi

732 4539 854 4593 exercitus
875 4539 949 4594 est&
973 4542 1077 4612 Egyptij
1101 4541 1207 4611 spoliati.
1231 4543 1271 4595 De
1295 4540 1434 4594 Sarracenis
1456 4559 1514 4594 vero
1538 4552 1608 4594 tanta
1630 4540 1697 4592 facts
1718 4539 1752 4591 esi

733 4617 835 4688 strages,
847 4620 917 4689 quod
929 4619 1063 4674 christianis
1076 4621 1131 4689 ipsis
1143 4621 1273 4691 displicuit.
1294 4619 1389 4681 Tunc
1409 4618 1547 4681 soldanus
1568 4617 1627 4701 ipse
1649 4617 1751 4679 furore

733 4703 884 4785 accensus,
906 4726 1011 4769 muros
1031 4706 1133 4770 Terre
1148 4705 1256 4770 Sansle
1276 4703 1458 4770 lherusalem
1481 4706 1570 4770 sterni
1594 4706 1630 4767 ad
1654 4703 1750 4768 solum
