4336 6572
601 934 673 1026 66.
711 929 913 1059 Roberrru
936 929 1137 1024 Abolonr.
1314 933 1368 1056 83

351 1195 495 1250 Domini&
511 1197 599 1250 turrim
615 1194 709 1250 David.
728 1196 769 1248 De
785 1193 897 1264 sepulcro
914 1204 999 1246 autern
1011 1191 1121 1262 glorioso
1135 1193 1285 1248 destruendo
1296 1195 1376 1249 confi·

311 1321 315 1332 .
352 1275 412 1330 lium
431 1277 573 1330 habuerunt
585 1273 726 1341 Saraceni,
745 1274 786 1327 sed
802 1274 859 1326 huic
877 1273 1011 1326 temeritati
1031 1289 1106 1324 nemo
1123 1273 1251 1342 presumsit
1270 1291 1375 1328 menum

352 1373 478 1426 apponere
490 1368 591 1427 propter
603 1353 766 1408 reverentiam
781 1353 839 1406 loci.
861 1353 929 1406 Sicut
949 1352 1053 1405 enimin
1070 1352 1214 1418 Alcorano,
1232 1353 1297 1406 libro
1314 1355 1375 1424 legia

352 1452 449 1502 eorum,
460 1435 577 1505 scriptum
594 1436 696 1500 habent,
717 1433 831 1502 credunt,
846 1433 984 1485 Dominum
1003 1431 1083 1484 Iesum
1100 1431 1226 1484 Christum
1241 1433 1273 1486 de
1290 1434 1377 1487 Maria

353 1515 448 1584 virgine
461 1526 611 1585 conceptum
624 1516 748 1566 &natum
768 1513 818 1565 srne
833 1525 937 1582 peccato
950 1509 1034 1564 vixisse
1046 1511 1195 1579 pruphetam
1209 1513 1233 1564 dr
1245 1512 1376 1582 plusquam

352 1595 517 1664 prophetam
537 1594 629 1647 dicitur
641 1593 749 1663 leprosos
763 1591 864 1656 curasse,
886 1608 960 1644 cecos
980 1589 1125 1642 illuminasse
1144 1607 1174 1642 ac
1195 1602 1308 1644 mortona
1328 1593 1377 1644 sul·

352 1671 445 1740 citasse,
456 1676 480 1727 dr
493 1693 551 1727 eum
564 1674 596 1726 ad
609 1673 676 1726 celos
688 1671 819 1725 ascendisse
828 1669 932 1724 firmiter
942 1669 1086 1723 asseverant.
1099 1669 1184 1734 Unde,
1196 1671 1300 1739 quando
1312 1683 1377 1724 tem·

352 1770 412 1822 pore
433 1765 578 1823 treugarum
601 1751 722 1822 sapientes
747 1751 854 1821 ipsorum
876 1751 1054 1820 lerosolymam
1076 1748 1251 1816 ascendebant,
1276 1751 1376 1804 codice·

351 1832 547 1901 Evangeliorum
566 1832 609 1886 fibi
621 1831 730 1886 exhiberi
749 1829 907 1899 pullulabant
920 1829 1131 1882 &osculabantur
1144 1831 1167 1882 δι
1186 1831 1377 1897 venerabantur,

351 1924 453 1982 propter
465 1911 612 1964 munditiam
624 1910 685 1978 legia
698 1927 774 1979 quarn
786 1909 897 1962 Christus
910 1908 1006 1974 docuit,
1019 1909 1042 1960 dr
1053 1908 1160 1960 maxime
1173 1920 1273 1978 propter
1286 1909 1377 1962 avan-

348 1990 441 2060 galium
451 1995 520 2044 Luce
530 1993 560 2056 (r,
571 1991 630 2060 26)=
645 2011 654 2037 ι
668 1987 759 2041 Missua
770 1989 803 2042 est
814 1988 918 2041 Gabriel
931 1987 1045 2056 angelus,
1057 2008 1068 2036 r
1083 1988 1153 2056 quod
1159 1987 1249 2040 literati
1259 1988 1323 2040 inter
1333 2005 1376 2041 eoa

353 2070 409 2138 sepe
428 2080 543 2139 repetunt
562 2070 587 2121 dc
606 2067 750 2121 retractant.
769 2069 822 2119 Lex
834 2077 919 2118 autem
934 2083 1030 2133 eorum,
1046 2084 1132 2135 quam,
1144 2067 1246 2119 diabolo
1258 2067 1377 2132 dictante,

352 2148 485 2202 ministerio
504 2147 571 2216 Selgr'
592 2144 708 2198 monachi
720 2148 743 2198 dr
756 2145 869 2214 apostate
882 2163 912 2198 ac
924 2145 1035 2209 heretici,
1058 2145 1223 2199 Mahumetua
1237 2145 1377 2198 Sarracenie

352 2227 421 2280 dedit
434 2227 533 2280 arabice
547 2226 672 2297 scriptam,
687 2243 702 2276 a
719 2225 804 2294 gladio
819 2225 893 2295 cepit,
913 2242 957 2295 per
970 2224 1083 2294 gladium
1098 2236 1205 2290 tenetur,
1218 2227 1241 2278 δι
1254 2224 1278 2277 in
1291 2224 1377 2294 gladio

352 2307 526 2361 terminabitur
528 2345 616 2360 .....

392 2398 512 2462 Eodem
523 2421 614 2478 anno,
628 2400 728 2463 mense
742 2396 876 2482 augusto,
890 2398 1029 2461 Hervcrrs
1043 2419 1147 2462 cornea
1159 2398 1192 2461 N
1195 2397 1377 2463 ivemensrs·
1389 2418 1449 2477 Aug.

351 2509 369 2550 a
383 2488 517 2570 partibus
531 2489 620 2550 rediit
634 2487 842 2550 transmarinis.

166 2603 237 2662 oliv,
247 2619 268 2666 p.
281 2615 339 2664 ¹407
386 2587 469 2639 Nostri
483 2603 552 2653 aero,
568 2585 595 2639 in
607 2585 735 2640 obsidione
747 2587 865 2640 Damiete
879 2585 957 2656 positi,
977 2597 1031 2638 tota
1048 2587 1125 2640 ellare
1143 2585 1254 2656 captioni
1267 2583 1376 2638 civitatis

351 2681 395 2735 per
403 2665 560 2735 ingeniorum
573 2667 721 2719 erediionem
736 2669 759 2720 dr
775 2667 933 2735 frequentem
946 2681 989 2735 per
1006 2679 1098 2718 terram
1110 2667 1135 2719 dc
1151 2683 1245 2736 aquam
1258 2663 1376 2718 insultum

351 2757 515 2812 vacaverunt,
528 2747 553 2798 dt
567 2762 625 2798 cum
637 2744 754 2816 predislis
767 2745 844 2798 nostri
856 2761 959 2815 operam
972 2744 1069 2811 darent,
1085 2745 1221 2812 Saraceni,
1233 2745 1377 2815 agminibus

166 2836 235 2896 oria„
248 2855 268 2900 μ,
282 2851 322 2897 ¹4¹
328 2852 337 2885 ι
351 2823 423 2877 sallia
436 2826 459 2877 dr
473 2825 541 2878 bellio
551 2825 680 2890 ordinatis,
692 2825 717 2878 iu
727 2843 804 2877 manu
815 2825 911 2894 potenti
923 2841 965 2877 eos
977 2825 1169 2895 impugnabant,
1178 2827 1201 2877 dr
1212 2825 1248 2876 ita
1258 2822 1378 2877 violenter

351 2904 420 2973 quod
433 2901 509 2956 semel
528 2919 615 2958 eorum
627 2905 696 2958 liciae
707 2907 870 2970 intraverunt,
896 2921 959 2974 quos
979 2905 1067 2957 militia
1081 2905 1195 2974 Templi,
1214 2903 1305 2973 quein
1323 2911 1379 2955 toto

351 2981 454 3052 negotio
475 2983 596 3038 Damiete
617 2984 695 3038 fidelis
711 2984 865 3054 dignoscitur
887 2982 1008 3048 exstitisse,
1029 3001 1079 3036 non
1096 2995 1212 3054 potenter
1230 2979 1346 3036 eiecitlr
1363 2999 1380 3034 a

353 3062 479 3132 propofito
492 3061 567 3115 etiarn
582 3065 651 3133 quod
670 3063 822 3134 quandoque
837 3063 979 3132 proximum
994 3062 1043 3116 fuit
1056 3063 1164 3129 elsedlui,
1181 3064 1278 3116 nostros
1296 3065 1380 3116 Sarra·

166 3153 236 3214 olla,
247 3171 268 3216 p.
281 3167 340 3214 ¹4¹²
353 3141 408 3195 oeni
420 3145 580 3196 revocabant.
596 3143 761 3198 Considerato
774 3143 859 3214 itaque
872 3143 940 3214 quod
954 3144 1002 3196 srne
1017 3141 1086 3196 bello
1099 3143 1157 3196 elset
1170 3139 1268 3195 difficile
1282 3149 1379 3195 tanturn

353 3238 416 3292 opua
430 3221 558 3292 perficere,
569 3223 601 3276 de
614 3223 742 3276 communi
755 3223 857 3276 consilio
870 3223 993 3276 maiorum
1006 3224 1031 3275 tr
1044 3221 1178 3288 minorum,
1190 3239 1247 3275 cunr
1261 3221 1342 3275 navali
1355 3223 1379 3276 u

354 3301 460 3354 terrestri
477 3302 588 3355 exercitu
605 3304 719 3372 equitum
733 3305 757 3356 dc
770 3303 892 3373 peditum,
910 3303 951 3355 die
964 3301 1144 3356 Decollationis
1161 3303 1236 3354 sancti
1250 3301 1380 3354 lobannis-

297 3447 303 3458 Ι
354 3381 473 3450 Baptiste,
492 3381 567 3434 nostri
583 3396 675 3435 exeunt
694 3381 727 3435 ad
744 3383 908 3452 pugnandum
925 3395 1013 3436 contra
1031 3383 1179 3451 Soldanum3
1199 3399 1296 3447 verum,
1313 3382 1380 3452 quia,
1393 3399 1453 3458 Aug.
1464 3412 1494 3460 29

353 3472 483 3530 tamquam
500 3461 558 3513 nihil
579 3463 705 3528 timentes,
725 3463 765 3514 sed
784 3462 808 3514 in
823 3461 970 3514 fortitudine
983 3463 1026 3514 sua
1039 3461 1201 3526 confidenter,
1224 3478 1274 3514 non
1288 3479 1380 3533 propo·

353 3541 453 3593 suerunt
469 3542 552 3594 Deum
572 3553 630 3595 ante
647 3543 805 3611 conspectum
825 3541 904 3607 suurn,
928 3559 974 3593 nec
991 3558 1048 3594 cum
1065 3541 1182 3612 lacrymis
1198 3542 1381 3608 indevotione,

353 3619 396 3672 sed
408 3635 465 3671 cum
483 3637 575 3688 pompa
589 3623 612 3673 dc
626 3621 741 3687 elatione,
761 3613 831 3674 multi
851 3621 925 3673 etiam
946 3633 1048 3690 propter
1070 3620 1166 3672 lucrum
1179 3623 1202 3674 δι
1215 3621 1379 3674 commodum

353 3700 498 3768 temporale,
512 3700 538 3751 id
551 3717 625 3769 agere
637 3701 843 3770 presumpserunt,
857 3711 987 3769 propterea
1004 3701 1086 3752 traditi
1104 3701 1158 3752 sunt
1175 3701 1200 3752 in
1218 3717 1306 3751 manus
1318 3719 1380 3770 gen·

354 3777 427 3844 tium,
442 3779 466 3830 dr
479 3778 602 3832 dominati
614 3781 669 3832 sunt
682 3797 769 3832 eorum
782 3781 824 3850 qui
836 3783 943 3832 oderunt
957 3797 1008 3832 eos.
1028 3783 1093 3833 Nam
1109 3779 1244 3845 sarraceni,
1257 3780 1299 3849 qui
1313 3780 1379 3849 priua

352 3857 473 3927 fugiendo
494 3857 622 3924 cesserant,
647 3861 759 3914 videntes
780 3862 902 3932 quosdam
924 3881 955 3915 ex
979 3861 1075 3927 nollria,
1102 3863 1234 3913 Romanoa
1256 3859 1379 3926 videlicet,

355 3937 433 3990 elium
451 3937 506 3989 solie
525 3937 587 3992 serre
604 3957 653 3992 non
674 3941 791 4006 valentes,
812 3953 883 4012 terga
896 3955 991 3995 vertere
1009 3943 1032 3993 dr
1050 3941 1141 3993 mirum
1160 3939 1184 3992 in
1203 3940 1308 3991 modum
1328 3957 1379 3992 non

353 4015 455 4086 fugator
466 4017 563 4086 sugere,
577 4019 656 4071 llatim
669 4019 722 4072 illos
736 4022 907 4091 persequendo
920 4023 1110 4091 subsequuntur,
1125 4023 1159 4086 δι,
1170 4019 1237 4072 facto
1252 4019 1308 4072 binc
1321 4020 1379 4072 inde

353 4093 493 4164 congreffu,
505 4095 575 4148 multi
591 4097 622 4151 de
631 4099 717 4150 nostris
729 4100 832 4165 cadunt,
843 4118 893 4152 non
904 4112 988 4153 tamen
1002 4101 1051 4153 srne
1062 4102 1155 4152 damno
1168 4099 1284 4170 precipue
1294 4097 1380 4152 militie

165 4175 517 4250 Ollr.‚p,1413inimicorrrm.
538 4176 616 4230 Tunc
635 4197 666 4230 ex
683 4178 770 4230 nollria
789 4181 856 4249 capti
874 4181 973 4232 suerunt
987 4181 1031 4232 viri
1051 4181 1156 4248 nobiles,
1179 4180 1269 4232 elesius
1288 4179 1380 4233 Belua·

352 4253 438 4318 cenlia,
459 4253 579 4308 Galterua
598 4258 748 4311 camerarius
773 4259 970 4328 regisFrancie‚
990 4259 1135 4329 &quidam
1158 4259 1199 4327 alij
1220 4259 1252 4311 de
1273 4259 1380 4311 Francia

352 4344 467 4405 potenter
485 4351 515 4387 ac
528 4335 605 4388 titulis
616 4336 701 4390 militie
713 4337 819 4407 gloriosr.
840 4339 888 4393 Die
900 4339 940 4391 illa
954 4340 1076 4394 Iohannes
1090 4358 1133 4392 rex
1154 4341 1308 4393 Hierusalem
1323 4341 1380 4394 viri·

352 4413 407 4467 liter
420 4414 444 4466 se
455 4415 555 4484 habuit;
567 4429 620 4469 erat
632 4418 698 4470 enirn
711 4419 786 4470 annia
800 4419 919 4486 strenuus,
936 4419 986 4472 lide
997 4420 1113 4484 devotus,
1132 4420 1264 4489 prudentia
1281 4421 1377 4490 clarua3

352 4493 378 4547 in
392 4506 449 4548 toto
459 4495 576 4550 Damiete
590 4497 694 4566 negotio
711 4496 875 4553 fidelissimum
895 4501 918 4553 se
930 4500 1048 4554 exhibens
1067 4501 1163 4555 servum
1183 4499 1283 4567 Chrilli,
1303 4519 1380 4571 quem

383 4652 404 4683 a.
424 4635 450 4682 sn
465 4635 580 4685 Cbrualeo
591 4639 832 4688 Turonenfiaddirurr
895 4641 987 4706 Templi
1006 4658 1044 4692 eoa
1059 4642 1111 4691 inde
1130 4643 1221 4692 viriliter
1240 4643 1380 4694 &celeriter

354 4723 407 4756 eram
415 4709 595 4758 uuella-b.
604 4709 740 4759 ldidrnrsetl
751 4712 833 4760 militet
895 4713 1016 4760 eiecerunt.
