4336 6572
675 938 746 1014 40.
783 904 1007 998 Matthaeus
1042 907 1173 999 Puris
1387 943 1439 1031 57

412 1210 556 1297 Quomodo
561 1211 701 1298 soldanus
720 1237 836 1296 regnum
856 1215 1011 1304 Ierusalem
1030 1218 1127 1279 obtulit
1138 1217 1302 1302 christianis,
1322 1221 1364 1282 isa
1379 1235 1410 1280 ut
1423 1247 1440 1280 a

765 1313 910 1376 Dumiata
925 1303 1089 1379 recederent.

657 1473 731 1536 [infra
737 1471 834 1537 sequitur
846 1477 900 1536 Rng.
911 1477 937 1522 tie
953 1477 1089 1536 maduere,
1102 1480 1115 1524 l
1118 1482 1145 1536 V,
1157 1481 1203 1540 57.]

321 1629 343 1675 P·
355 1623 399 1674 ²³⁵
448 1619 520 1673 Licet
541 1621 617 1690 igitur
636 1621 684 1674 hoc
706 1623 833 1674 confilium
853 1625 963 1676 multum
986 1625 1069 1676 inultis
1089 1627 1237 1693 displiceret,
1258 1628 1331 1680 missis
1356 1641 1440 1680 tamen

316 1713 338 1759 p·
355 1697 520 1759 ²3⁶nunciis,
551 1701 684 1754 christianis
711 1703 801 1771 optulit
828 1721 911 1754 verant
941 1707 1059 1768 Crucem,
1091 1725 1140 1774 que
1164 1706 1222 1758 olim
1251 1725 1265 1758 a
1292 1707 1441 1760 Salahadino

413 1793 489 1849 capta
515 1781 606 1843 suerat,
629 1798 688 1833 cum
713 1781 818 1850 captivis
843 1783 968 1848 omnibus,
996 1783 1039 1852 qui
1065 1802 1109 1852 per
1134 1804 1239 1853 regnum
1266 1788 1393 1840 Babilonis
1418 1791 1440 1840 tr

414 1861 532 1914 Damasci
558 1860 606 1913 vivi
632 1873 749 1930 poterant
777 1862 885 1930 reperiri,
908 1879 965 1914 cum
993 1864 1130 1932 sumptibus
1159 1866 1297 1918 necessariis
1318 1869 1349 1919 ad
1372 1885 1442 1936 repa·

414 1940 505 1994 tandos
525 1958 610 1994 muros
623 1942 756 1994 Ierusalem
779 1943 801 1992 de
822 1941 948 1994 civitatem
968 1943 992 1993 in
1018 1943 1106 1995 slatum
1120 1945 1246 2012 prislinnm
1265 1948 1440 2000 reducendam.

414 2021 552 2099 Addens,
579 2047 591 2078 e
610 2019 650 2083 Et
671 2021 729 2082 erit
755 2043 813 2100 pax
835 2021 921 2084 beata
945 2023 1023 2084 inter
1042 2044 1098 2086 nos
1113 2023 1143 2084 δι
1158 2045 1219 2100 eoa,
1244 2040 1327 2088 tutus
1350 2025 1441 2087 inter-

416 2125 531 2173 meatus
547 2107 726 2186 institorum,
748 2109 776 2172 &
792 2111 930 2170 omnium
946 2111 1107 2172 hominum
1122 2112 1207 2178 fedus
1223 2111 1252 2174 δι
1267 2114 1409 2175 amicitia.
1429 2139 1439 2166 1>

415 2200 515 2267 Optulit
530 2199 627 2268 insuper
648 2199 758 2251 totaliter
782 2217 889 2268 regnum
915 2200 1147 2266 lerosolimitanum‚
1172 2215 1253 2270 preter
1275 2205 1397 2254 Craccum
1419 2206 1441 2254 se

416 2279 683 2348 Montem-Regalem,
701 2297 746 2346 pro
761 2278 851 2347 quibus
865 2279 998 2332 retinendis
1014 2279 1135 2332 tributum
1148 2281 1240 2334 obtulit
1257 2283 1356 2350 singulis
1373 2283 1443 2333 annis

415 2358 464 2426 ,xii
483 2359 549 2411 milia
569 2359 743 2415 bisanciotum,
763 2360 884 2426 quamdiu
904 2359 944 2411 illa
962 2371 1064 2413 teneret.
1079 2364 1140 2412 Sunt
1153 2373 1236 2413 autem
1251 2362 1290 2414 illa
1300 2363 1352 2413 duo
1365 2363 1443 2414 casira

414 2437 439 2490 in
460 2438 570 2503 Arabia,
594 2437 643 2506 ,vii
665 2438 812 2490 tirmisstmas
832 2439 982 2492 munitiones
1002 2441 1129 2504 habentia,
1147 2460 1190 2509 per
1210 2461 1259 2510 que
1274 2443 1443 2511 negotiatores

415 2521 608 2588 paganorum&
623 2520 747 2589 peregrini
769 2522 892 2572 Mecham
910 2521 1040 2573 tendentes
1054 2522 1091 2573 vel
1105 2523 1138 2572 ab
1152 2522 1192 2573 illa
1207 2522 1351 2574 recedentes
1367 2521 1443 2574 solent

416 2599 574 2652 transmeare.
599 2601 633 2652 Et
648 2600 697 2652 hoc
710 2599 843 2667 postulavit
859 2601 982 2664 soldanus,
1001 2619 1051 2653 non
1065 2619 1108 2670 per
1128 2601 1258 2653 avaritiam
1273 2601 1311 2653 vel
1329 2601 1443 2653 astutiam

416 2678 470 2746 plus
482 2678 628 2748 potiidendi.
641 2679 682 2731 sed
696 2692 724 2731 ut
737 2679 922 2732 christianorum
943 2682 1053 2734 crebrius
1068 2693 1195 2749 expertam
1213 2681 1375 2749 cupiditatem
1390 2682 1444 2750 plus

416 2758 526 2811 habendi
538 2759 681 2824 refrenaret,
702 2761 725 2811 u
746 2777 832 2812 eorum
848 2761 1016 2828 possessionem
1035 2762 1125 2814 certius
1139 2761 1268 2814 limitaret.
1286 2761 1352 2819 Quia
1366 2762 1444 2828 sepius

417 2838 488 2891 nobis
500 2857 606 2908 regnum
619 2839 687 2902 illud,
702 2840 726 2891 δι
739 2840 859 2908 quicquid
874 2841 934 2891 insse
947 2842 1070 2906 pollulare
1085 2841 1210 2904 sciremus,
1229 2841 1301 2893 nobis
1319 2839 1445 2893 Sarraceni

416 2919 592 2984 concederent,
605 2918 647 2970 nis
661 2918 807 2971 aviditatem
822 2919 929 2972 nollram
939 2920 993 2990 plus
1007 2920 1143 2989 possidendi
1155 2920 1335 2990 &adquirendi
1351 2921 1446 2990 semper

417 2997 524 3067 amplius
538 2997 712 3052 formidarent.

456 3161 563 3226 Oritur
584 3163 769 3226 lamentabilis
789 3163 914 3248 diffinsio
933 3165 962 3224 in
984 3165 1103 3225 exercitu
1122 3163 1270 3246 christiano
1287 3178 1341 3244 pro
1362 3163 1413 3225 hac

785 3259 903 3346 soldani
916 3261 1077 3324 bumilitate.

363 3483 368 3496 ,
455 3431 529 3480 Hanc
540 3426 746 3497 compositionem
760 3427 940 3496 acceptabilem
955 3428 1073 3480 &utilem
1083 3427 1130 3480 elle
1141 3427 1318 3480 Christianitati
1329 3445 1370 3478 rex
1380 3429 1447 3479 letu-

418 3507 792 3572 salem,comesCeslrens1s‚&
809 3524 896 3558 omnes
912 3509 1077 3577 Francigene,
1095 3524 1152 3560 cum
1172 3506 1306 3576 capitaneis
1326 3507 1446 3558 Theuto-

418 3586 532 3640 uicorum
544 3587 687 3638 constanter
699 3585 857 3638 consuerunt.
871 3589 925 3640 Nec
937 3588 986 3639 hoe
1000 3587 1140 3638 mirandum
1151 3588 1184 3638 esl
1194 3605 1251 3638 cum
1263 3585 1343 3638 multo
1353 3586 1447 3637 minore

418 3683 488 3735 pate,
500 3684 550 3735 que
564 3666 630 3734 priua
643 3665 729 3717 oblata
740 3665 830 3730 fuerat,
843 3666 955 3720 contenti
970 3666 1066 3718 fuissent
1080 3665 1211 3730 christiani,
1226 3665 1267 3716 uisi
1290 3665 1374 3717 insano
1388 3683 1447 3717 con·

419 3745 470 3798 silio
482 3744 517 3798 eis
531 3745 612 3798 suisset
624 3744 762 3798 obviatum.
1446 3757 1459 3765 ·

324 3939 345 3985 p.
360 3935 406 3984 ²37
491 3904 635 3988 Quomodo
645 3919 700 3988 per
713 3905 835 3986 segestam
848 3907 1007 3989 impeditum
1017 3906 1080 3988 fuit
1087 3906 1210 3994 salubre
1224 3903 1374 3989 confilium.

460 4059 594 4144 Legatus
609 4076 721 4138 autem,
737 4060 984 4141 concupiscentia
998 4063 1165 4143 optinende
1183 4061 1313 4124 civitatis
1330 4061 1448 4138 dusius,

419 4148 530 4210 horum
541 4146 674 4212 consiliis
688 4171 750 4210 uon
766 4149 930 4231 adquievit.
943 4149 1072 4233 Surgens
1086 4150 1176 4232 igitur
1187 4151 1217 4210 iu
1231 4150 1332 4210 medio
1345 4170 1448 4210 comes

420 4235 618 4298 Harundellie
632 4236 848 4318 W[illelmusl,
863 4238 914 4314 ait,
940 4235 1103 4299 «Domine
1127 4236 1227 4319 Pelagi
1249 4237 1356 4318 legate,
1377 4237 1449 4298 viris

419 4324 595 4407 expertis&
613 4325 644 4385 in
664 4325 722 4387 hiis
742 4325 874 4406 partibus
893 4323 1046 4387 bellorum
1067 4324 1183 4406 peritis,
1206 4322 1395 4404 Templariis
1419 4322 1449 4383 δι

420 4412 641 4495 Hospitalariis,
664 4413 734 4475 viris
753 4411 908 4494 religiosis,
932 4433 1063 4494 quorum
1090 4413 1181 4473 etiam
1198 4433 1243 4474 res
1258 4412 1368 4492 agitur,
1382 4432 1449 4472 cre-

420 4500 554 4562 dendum
569 4500 612 4562 est
625 4499 655 4562 dt
668 4499 930 4578 consentiendum,
942 4501 993 4583 qui
1006 4497 1166 4561 consulunt
1182 4499 1247 4581 poll
1262 4498 1380 4559 labores
1394 4497 1449 4560 ali-

420 4586 602 4669 quantulum
618 4586 668 4650 res
685 4588 791 4649 isare.»
809 4587 1035 4650 Recalcitrante
1056 4603 1159 4648 autem
1181 4585 1291 4668 legato,
1316 4584 1346 4645 de
1370 4584 1448 4645 affir-

422 4691 524 4738 mante
548 4674 576 4736 se
601 4611 684 4736 nollit
706 4697 783 4757 pape
817 4673 1017 4752 voluntatem,
1041 4672 1139 4735 voluit
1163 4694 1269 4736 comes
1293 4673 1323 4733 in
1352 4670 1447 4753 ipsum

525 4799 546 4838 t·
1325 4784 1337 4832 8
