4168 6502
611 1937 1063 2045 TESTIMONIA

385 2201 726 2297 ncnnomcrs
753 2201 832 2294 ru<
858 2197 1032 2267 rrurru
1063 2196 1290 2290 πψτη

707 2438 971 2492 EXCERPTA

775 2650 911 2729 *ηε*

521 2937 595 3037 165.
621 2942 758 3011 ornares
777 2943 972 3033 Ceccunenses
999 2951 1148 3020 (-1217).

480 3193 487 3208 ἱ
600 3119 692 3190 [Pertz,
703 3121 810 3172 Manum.
824 3121 918 3184 Garun,
929 3121 978 3185 SS.,
990 3118 1073 3188 xut]

833 3259 853 3304 ψ

242 3427 319 3476 nrm
371 3395 443 3462 Hoc
466 3416 546 3458 anno
568 3411 651 3458 tanta
674 3396 836 3459 multitudo
860 3395 1090 3459 christianorum
1113 3394 1281 3458 coadunata
1305 3393 1347 3456 est
1361 3415 1419 3461 1²17

331 3484 363 3550 in
388 3482 670 3566 Hierosolymitanis
694 3485 827 3566 partibus
851 3485 882 3546 in
907 3505 1016 3566 campo
1040 3484 1124 3564 super
1147 3483 1240 3562 Aere,
1263 3482 1344 3564 quod

329 3569 467 3636 volentes
487 3590 657 3649 numerare,
680 3571 829 3632 numerati
848 3568 914 3632 sunt
934 3571 1014 3634 ultra
1032 3569 1139 3652 viginti
1157 3567 1241 3632 milia
1259 3570 1346 3651 equi-

330 3673 437 3736 rantes,
457 3655 515 3722 alia
528 3658 616 3721 turba
628 3679 691 3720 non
706 3673 825 3739 poterat
839 3677 891 3740 pre
905 3657 1099 3720 multitudine
1112 3655 1279 3731 numerari3
1294 3677 1348 3737 per

329 3745 441 3808 bonam
461 3746 681 3809 estimationem
702 3747 818 3810 dietum
832 3747 898 3826 fuit,
919 3748 1001 3831 quod
1017 3746 1084 3829 plus
1099 3767 1191 3829 quam
1205 3765 1250 3807 cc.
1265 3743 1348 3807 milia
1458 3767 1463 3778 ·

329 3834 465 3916 peditum
480 3849 575 3899 erant.
589 3833 723 3898 Peccatis
737 3836 926 3916 exigentibus
941 3837 970 3896 in
986 3836 1045 3897 hoc
1057 3832 1172 3922 populo
1186 3832 1348 3896 christiano

329 3937 412 3986 tanta
433 3923 537 4004 inopia
557 3924 642 4006 panis
662 3923 794 4001 advenit,
818 3922 900 4005 quod
916 3943 993 3986 unus
1013 3943 1122 4006 parvus
1137 3921 1222 4003 panis
1237 3921 1348 3984 vende-

330 4008 417 4074 batur
430 4008 481 4093 xij.
497 4009 636 4074 denariis.
659 4009 711 4072 De
726 4011 881 4072 communi
904 4010 994 4092 igitur
1016 4005 1142 4070 consrlio
1167 4008 1273 4071 domni
1294 4029 1347 4090 pa-

329 4097 457 4161 triarche
471 4095 500 4159 δι
515 4095 654 4176 aliorum,
675 4098 726 4181 qui
739 4114 878 4179 preerant
893 4097 1018 4179 populo,
1034 4111 1210 4178 preceptum
1225 4094 1267 4157 est
1281 4116 1348 4157 orn-

329 4184 418 4247 nibus
436 4185 627 4268 pauperibus,
650 4202 684 4247 ur
705 4186 838 4249 redirent
858 4185 894 4247 ad
917 4186 1045 4268 propria.
1070 4183 1174 4247 Solum
1196 4185 1226 4244 in
1247 4182 1347 4244 mense

329 4271 509 4334 Settembrio
530 4288 576 4336 tot
590 4271 619 4335 δι
634 4273 708 4335 tanti
723 4273 855 4352 fuerunt,
878 4274 959 4355 quod
980 4293 1072 4335 naves
1096 4292 1149 4334 eos
1169 4270 1347 4332 reducentes
1360 4287 1473 4350 septemb.

329 4361 450 4422 fuerunt
474 4359 545 4443 lxvj.
569 4357 627 4423 Per
655 4361 766 4423 bonam
794 4361 1012 4424 estimationem
1037 4359 1241 4422 communiter
1264 4358 1347 4421 dice-

329 4448 416 4510 batur
433 4448 471 4509 ab
484 4449 636 4527 omnibus,
660 4450 742 4532 quod
758 4469 886 4532 corpora
910 4465 1102 4511 mortuorum
1116 4466 1205 4508 cruce
1219 4444 1347 4528 fignato-

330 4556 398 4597 rum
412 4536 442 4597 in
458 4536 559 4600 eundo
570 4534 600 4598 δι
611 4534 766 4598 redeundo
780 4535 865 4618 supra
878 4551 1002 4598 centurn
1016 4534 1100 4595 milia
1111 4534 1195 4595 suere
1209 4532 1347 4610 inventa;

330 4623 368 4686 ab
392 4622 457 4686 aliis
481 4623 726 4705 permanentibus
757 4625 787 4685 in
813 4623 865 4686 illa
887 4623 995 4686 Saneta
1018 4621 1121 4684 Terra
1142 4641 1205 4682 non
1230 4633 1347 4682 tantum

329 4711 455 4775 honoris
469 4710 517 4774 vol
531 4711 718 4774 auetoritatis
733 4712 845 4776 suerum
859 4711 909 4790 est,
923 4710 1004 4792 quod
1020 4709 1134 4773 valeret
1148 4705 1283 4771 obolum.
