4362 6560
652 1052 746 1145 ¹45·
781 1020 978 1114 lohannes
1001 1016 1173 1111 Herold.
1335 1049 1419 1142 205

400 1287 516 1372 Syriam
529 1284 638 1364 versus,
659 1285 763 1346 omnia
776 1286 809 1347 in
824 1299 890 1346 tuto
904 1281 1007 1346 essent.
1027 1282 1096 1344 Hec
1110 1282 1252 1365 equidem
1268 1283 1424 1369 sententia,
1440 1308 1497 1342 1221

399 1395 503 1458 regem
530 1395 593 1436 non
614 1373 781 1435 admodum
812 1373 993 1434 renitentem
1021 1370 1136 1449 habuit,
1170 1370 1220 1432 cui
1255 1371 1425 1456 videbatur,

401 1464 524 1527 colonia
546 1461 679 1540 indusia,
702 1461 868 1524 exercitum
893 1461 923 1522 in
949 1460 1065 1543 Syriam
1089 1459 1158 1520 duci
1185 1456 1267 1539 posse
1288 1465 1425 1527 unanimi

401 1549 554 1614 consensu.
582 1549 652 1612 Nec
681 1548 831 1632 displicuit
863 1548 963 1632 legato
992 1547 1099 1610 Bavari
1127 1544 1298 1628 consilium,
1333 1573 1425 1634 quem

401 1638 482 1701 haud
506 1638 628 1717 latebat,
652 1654 702 1700 aut
726 1658 798 1699 cum
820 1636 952 1699 Barbam
968 1635 1228 1718 congrediendum
1254 1635 1329 1717 fore,
1353 1640 1425 1702 dum

401 1741 530 1790 conatus
553 1725 726 1789 noslrorum
748 1725 896 1808 impedire
917 1723 1018 1802 vellet,
1039 1741 1090 1785 aut
1110 1723 1234 1785 colonia
1252 1724 1426 1807 &presidio

403 1814 515 1901 positis,
548 1815 725 1898 cupidinem
753 1812 905 1875 invasuros
933 1812 1050 1874 nostros
1076 1808 1232 1874 obsidendi
1261 1813 1429 1896 Chayrum,

402 1925 495 1988 quam
511 1901 669 1984 prospe&
685 1903 882 1965 intuerentur.
903 1914 1014 1964 Decreto
1026 1912 1111 1980 itaque
1124 1911 1254 1981 publicato
1267 1913 1334 1981 plebi
1348 1915 1429 1968 diver·

199 1996 442 2070 aromatarium
463 1994 510 2047 suit
524 1994 631 2059 animus,
652 1993 713 2046 &in
733 1993 829 2065 Syriam
855 1991 935 2061 magia
959 1991 1101 2060 propensus,
1126 2003 1209 2043 tamen
1234 2009 1292 2044 cum
1317 1994 1430 2048 viderent

208 2092 229 2137 Ρ·
243 2073 376 2132 ¹4²8·1439
403 2073 516 2138 universi,
528 2073 639 2142 legatum
653 2074 772 2125 sententie
784 2073 904 2136 inherere,
917 2071 1020 2140 iureque
1032 2069 1184 2122 sacrosancte
1198 2072 1334 2140 potestatis,
1347 2076 1427 2127 Bren-

404 2171 463 2207 nam
491 2170 591 2222 regem,
620 2155 745 2206 Bavaruns
771 2154 794 2204 dr
819 2163 917 2204 ceteros
947 2151 1034 2216 duces,
1066 2149 1271 2218 persuasionibus,
1305 2153 1430 2220 precibus,

404 2231 526 2300 minisque
541 2230 620 2299 adigi,
642 2229 802 2300 execratique
823 2247 890 2294 eura,
912 2229 954 2299 qui
975 2229 1043 2280 diuo
1065 2229 1248 2281 inobedientem
1263 2229 1287 2282 se
1299 2231 1428 2299 prestaret.

406 2309 464 2364 Eid.
478 2308 631 2370 Quintilibus
650 2310 682 2362 ad
703 2309 859 2379 septuaginta
877 2309 1008 2361 hominum
1032 2307 1116 2374 millia,
1137 2326 1167 2360 ex
1180 2309 1241 2361 urbe
1253 2326 1430 2380 prorumpunt,
1444 2311 1486 2357 1¹1¹·
1501 2321 1526 2369 ¹5

405 2389 430 2443 in
451 2391 545 2442 hostem
563 2389 629 2442 ituri.
650 2391 777 2442 Barbarus
796 2389 822 2441 in
836 2402 932 2442 certum
950 2405 1010 2441 vero
1033 2405 1065 2439 an
1078 2387 1192 2440 simulato
1206 2401 1283 2455 metu,
1296 2407 1348 2458 quo
1361 2408 1432 2444 com·

406 2470 511 2522 modum
532 2469 673 2534 ridebatur,
697 2469 792 2539 semper
821 2469 936 2533 cedebat,
961 2486 1011 2537 qua
1037 2485 1061 2520 re
1089 2467 1166 2536 legati
1194 2467 1280 2534 letitia,
1307 2471 1432 2524 omnium·

406 2567 456 2620 que
468 2549 522 2618 spes
535 2549 673 2601 admodum
694 2549 766 2601 ausla
783 2549 831 2601 esi:
851 2561 926 2618 atque
944 2566 993 2617 que
1005 2548 1068 2599 inter
1081 2547 1221 2617 chamum,
1234 2549 1432 2621 Damiatamque

406 2640 530 2698 occupata
543 2628 636 2681 omnia.
651 2629 719 2682 Pons
729 2628 803 2681 etiam
814 2629 918 2693 navalis,
930 2645 983 2697 quo
993 2627 1078 2680 Nilum
1092 2625 1222 2679 traiecerat
1235 2627 1319 2693 hostis,
1332 2630 1432 2684 duobus

407 2708 526 2779 presidiis,
544 2708 687 2778 inutraque
707 2707 760 2778 ripa
778 2707 926 2774 constitutis,
949 2707 1108 2777 expugnatis,
1128 2706 1262 2759 interseslis
1280 2709 1433 2776 custodibus,

408 2787 531 2858 recipitur.
557 2788 651 2841 Castris
670 2789 746 2858 igitur
767 2787 866 2853 locatis,
887 2789 957 2857 operi
977 2787 1052 2839 nollri
1071 2786 1162 2854 partim
1176 2787 1274 2852 instant,
1296 2788 1388 2856 partim
1400 2790 1433 2842 ad

410 2867 540 2938 Chayrum
563 2868 639 2938 usque
660 2867 840 2938 procursantes,
861 2867 999 2936 segnitiem,
1020 2866 1146 2935 ignaviam
1161 2867 1184 2918 dt
1198 2865 1356 2920 timiditatem
1370 2870 1434 2921 hosti

407 2946 501 2999 incluso
515 2947 681 3015 exprobrant,
706 2945 721 2997 si
740 2946 784 2998 viri
797 2945 883 3011 essent,
898 2947 1034 3015 prodirent,
1047 2963 1135 2997 manus
1150 2945 1314 3011 consererent,
1332 2963 1396 3015 quos
1408 2946 1435 2999 in

408 3025 511 3095 speculis
524 3025 618 3090 rident,
640 3025 779 3077 hortantur.
800 3027 840 3078 At
854 3026 959 3078 Barbari
971 3025 995 3077 in
1009 3043 1038 3077 ea
1052 3030 1121 3093 urbe,
1137 3024 1162 3077 in
1176 3024 1241 3078 bello
1255 3037 1337 3092 natos,
1349 3026 1435 3092 sortes,

407 3122 439 3157 ac
451 3104 533 3175 spoliis
545 3102 653 3157 assuetos
667 3105 757 3157 milites
767 3105 964 3172 collocaverant,-
976 3106 1019 3174 qui
1031 3105 1148 3157 fiduciam
1161 3105 1300 3158 nostrorum
1312 3104 1436 3171 ridebant,

408 3201 438 3236 ac
457 3185 601 3237 cunsiando
622 3185 754 3254 perniciem
776 3185 861 3237 nolitis
879 3185 1093 3238 machinabantur.
1115 3185 1182 3236 Nam
1204 3185 1265 3237 dum
1285 3184 1436 3251 edificando,

409 3263 685 3334 circumvolitandoque
702 3265 755 3317 dies
773 3283 786 3318 e
802 3266 843 3318 die
863 3265 974 3330 ducitur,
995 3264 1148 3318 ludificando
1161 3267 1289 3318 Barbarus
1302 3265 1397 3318 noslros
1409 3268 1434 3320 in

409 3344 544 3396 secundum
564 3344 642 3396 serme
654 3345 703 3396 iam
715 3346 824 3398 mensem
842 3344 991 3410 detinuerat,
1005 3363 1071 3397 nunc
1085 3363 1116 3397 ex
1135 3345 1229 3410 calicis,
1249 3362 1314 3397 nunc
1333 3363 1363 3397 ex
1376 3348 1438 3399 urbe

410 3423 504 3475 noslros
517 3423 704 3477 velitationibus
717 3443 818 3494 urgens,
837 3443 868 3478 ac
882 3426 916 3478 ita
929 3427 962 3478 ad
982 3425 1016 3478 sui
1029 3437 1203 3494 contemptum
1217 3425 1348 3495 pertraxit,
1368 3428 1438 3496 quod

409 3503 490 3572 ignari
504 3503 629 3570 locorum,
643 3522 726 3558 retum
739 3508 764 3558 δι
777 3518 929 3576 temporum,
941 3505 1004 3559 inter
1018 3523 1123 3575 aggeres
1135 3506 1195 3572 Nili,
1209 3517 1330 3575 tanquam
1342 3505 1367 3558 in
1379 3523 1438 3575 pto·

410 3583 553 3652 pugnacula
566 3584 590 3636 se
602 3585 748 3655 reciperent.
770 3587 854 3638 Hostis
867 3586 891 3638 in
908 3585 1013 3638 massam
1024 3586 1156 3649 ueduuos,
1168 3603 1228 3638 cum
1241 3603 1317 3638 omne
1327 3585 1361 3637 rei
1375 3587 1438 3639 bene

410 3662 519 3730 gereude
531 3665 709 3733 compendium
723 3678 836 3736 ereptum
850 3666 936 3719 noslris
947 3666 1023 3731 ridet,
1037 3683 1068 3718 ac
1080 3665 1176 3718 nullum
1187 3665 1286 3717 virtutis
1301 3666 1439 3719 exercende

410 3741 494 3794 locum
504 3742 631 3812 superesse,
643 3745 728 3798 Nilum
738 3763 839 3798 omnem
852 3747 876 3798 in
886 3747 964 3799 casira
975 3747 1122 3810 noslrorum,
1135 3762 1184 3815 que
1194 3757 1338 3799 commeatu
1349 3745 1439 3798 referta

411 3833 481 3874 erant
501 3823 572 3892 (nam
593 3825 626 3876 ad
649 3826 743 3879 menses
765 3839 815 3880 tres
838 3845 964 3879 annonam
987 3827 1070 3879 secum
1084 3839 1251 3879 convexerant
1264 3824 1439 3896 sufficientem)

412 3903 511 3955 emittit.
525 3906 650 3958 Coercent
662 3907 730 3959 hunc
743 3925 843 3959 amnem
858 3907 968 3975 undique
985 3906 1038 3975 ripe
1051 3905 1206 3970 elevatiores,
1220 3906 1310 3958 alicubi
1325 3921 1385 3958 vero
1395 3924 1441 3976 pto

412 3985 455 4039 soli
476 3986 530 4051 srtu,
550 3987 720 4057 depressiores.
740 3988 841 4041 Addita
855 3989 908 4040 sunt
921 3987 1052 4040 hominum
1066 3997 1221 4050 commenta,
1232 3984 1294 4037 sosse
1306 3985 1363 4038 hinc
1376 3987 1441 4041 illinc

412 4068 496 4134 ducis,
513 4067 605 4136 quibus
622 4067 751 4120 allucionis
772 4081 886 4139 tempore
912 4085 955 4138 per
974 4067 1093 4137 patientia
1107 4066 1241 4131 derivatur,
1260 4066 1368 4119 &Nilus
1381 4081 1441 4122 tunc

413 4147 478 4200 i'orte
488 4147 634 4212 increscens,
643 4149 772 4201 catarasiis
784 4147 1000 4218 apenisrteffoffis
1009 4148 1041 4198 ad
1054 4147 1158 4198 fundum
1169 4146 1227 4215 ripis
1237 4145 1286 4197 late
1296 4145 1320 4198 se
1328 4147 1441 4217 effundit,

414 4227 542 4296 regionem
555 4227 649 4282 diluvio
662 4246 763 4282 omnem
777 4245 913 4299 occupans,
926 4242 954 4280 ut
964 4227 1101 4280 nostrorum
1115 4227 1201 4290 castra,
1215 4224 1290 4278 etiam
1304 4225 1347 4277 ubi
1361 4227 1441 4280 solum

414 4320 503 4360 natura
524 4320 568 4360 aut
586 4309 704 4378 congesta
727 4321 793 4361 terra
810 4308 928 4362 elevatius
945 4320 1008 4372 etat,
1030 4318 1114 4359 tamen
1132 4307 1164 4358 ad
1181 4306 1260 4359 cubiti
1273 4305 1345 4358 unius
1357 4307 1443 4360 altitu-

414 4388 499 4441 dinem
511 4387 644 4457 superaret.
667 4389 781 4441 Editiora
799 4388 863 4453 loca,
888 4387 1013 4457 molesque
1028 4385 1134 4456 Egyptij
1149 4385 1262 4438 locorum
1274 4386 1345 4455 gnari
1365 4403 1443 4441 occu·

416 4478 487 4538 pant,
507 4485 558 4536 qua
573 4481 626 4520 arte
643 4467 772 4522 &fiducia
791 4469 815 4520 dt
833 4467 910 4522 virtus
931 4467 1070 4520 nostrorum
1091 4465 1165 4535 periit
1185 4465 1274 4517 omnis.
1297 4467 1398 4537 Quippe
1418 4471 1442 4521 δι

415 4549 533 4600 iumentis
546 4549 569 4600 δι
582 4548 725 4602 hominibus
747 4547 879 4602 necessaria
892 4547 977 4601 omnia
992 4547 1016 4600 vi
1029 4545 1138 4599 fluminis
1151 4547 1385 4615 corrumpebantur,
1397 4565 1443 4600 nec

416 4629 510 4682 salvum
529 4641 573 4681 aut
591 4629 712 4699 reliquum
725 4641 787 4695 erat,
808 4645 859 4699 quo
872 4629 911 4682 rel
928 4628 954 4680 in
967 4628 1077 4680 triduum
1090 4626 1163 4678 nostri
1177 4626 1375 4679 sustentarentur.
1388 4627 1444 4680 Pri-

415 4721 501 4762 vatam
514 4709 664 4764 calumniam
678 4711 778 4779 publica
787 4709 964 4778 compescebat
976 4705 1113 4760 calamitas.
1136 4705 1231 4759 Aciem
1245 4705 1328 4770 hostis,
1341 4707 1444 4774 madidi,

417 4789 487 4843 mersi
500 4789 563 4857 luto,
575 4807 735 4861 nequaquam
746 4789 814 4861 posse
826 4801 958 4860 penetrare
971 4787 1100 4852 videbant,
1114 4803 1160 4839 nec
1173 4787 1233 4856 lirge
1245 4785 1306 4840 inire
1315 4787 1371 4853 iter,
1385 4803 1443 4840 cum
