4336 6572
731 995 790 1087 80
913 993 1155 1120 ‘leslimoniu
1182 993 1222 1083 in
1248 989 1390 1083 Gallia
1406 992 1587 1116 scriptu.

729 1255 818 1318 valde
842 1253 899 1318 ell'e
925 1253 1072 1319 succursui
1096 1255 1195 1319 sandte
1218 1256 1317 1319 Terre
1330 1253 1483 1340 necessarij
1507 1251 1679 1339 potuill'ent,
1702 1258 1759 1320 iter

601 1386 606 1396 ·
729 1343 864 1408 similiter
883 1344 1075 1426 arripuerunt
1094 1366 1166 1407 cum
1188 1347 1308 1426 eodem,
1326 1363 1455 1408 numero
1481 1345 1632 1408 sexdecim
1653 1345 1758 1410 millia.

732 1431 798 1521 Qui
814 1453 922 1498 omnes
936 1453 1008 1496 cum
1022 1433 1082 1496 iam
1097 1430 1191 1496 essent
1201 1451 1299 1516 prope
1309 1449 1418 1496 terram
1431 1435 1462 1496 in
1474 1431 1557 1498 littus
1565 1434 1648 1496 iuxta
1659 1431 1758 1496 Brun-

730 1519 858 1602 dufium,
873 1543 931 1585 nec
946 1521 1121 1585 distarenta
1141 1537 1220 1584 terra
1239 1535 1386 1606 quantum
1408 1543 1497 1586 arcus
1517 1521 1612 1584 tribus
1630 1522 1758 1586 iaffibus

730 1612 870 1674 emittere
885 1610 992 1693 potest,
1007 1610 1102 1674 subita
1115 1610 1145 1673 &
1159 1612 1294 1674 inaudita
1308 1611 1484 1694 tempestate
1502 1625 1617 1690 exorta,
1635 1610 1758 1694 vespere

730 1697 865 1762 &nodie
880 1698 987 1762 tota&
1005 1699 1147 1783 sequente
1168 1701 1217 1762 die
1236 1699 1328 1784 usque
1350 1701 1381 1762 in
1401 1699 1557 1782 vesperum
1578 1698 1758 1778 laborantes,

729 1787 857 1850 navibus
870 1789 995 1851 demum
1011 1788 1110 1852 fraenis
1123 1790 1236 1871 septem
1249 1809 1390 1868 numero,
1400 1809 1508 1852 omnes
1520 1788 1673 1870 perierunt
1683 1805 1759 1850 nau-

729 1876 836 1960 fragio,
851 1876 965 1959 paucis,
989 1876 1148 1939 circiter...
1172 1877 1339 1960 obtoginta,
1364 1875 1572 1955 evadentibus,
1596 1875 1706 1940 tabulis
1728 1875 1759 1939 dt

730 1963 795 2028 aliis
809 1965 934 2026 navium
947 1964 1144 2047 fragminibus
1159 1965 1346 2028 adherentes.
1366 1962 1413 2026 Ita
1433 1965 1485 2046 qui
1499 1964 1666 2046 cupiditate
1680 1977 1758 2027 terre

730 2054 909 2134 occupande
925 2051 986 2114 Dei
1002 2052 1156 2116 servitium
1177 2052 1346 2131 intermisit,
1364 2053 1440 2115 iusto
1460 2053 1521 2115 Dei
1543 2052 1659 2115 iudicio
1679 2065 1760 2115 terra

729 2140 868 2203 caruit&
883 2141 1002 2203 honore
1017 2138 1153 2222 sepulcri,
1168 2161 1249 2204 anno
1270 2140 1402 2204 Domini
1419 2138 1613 2204 Mccxlx.

657 2247 717 2282 122²
770 2227 863 2291 Anno
879 2228 917 2291 ab
928 2229 1137 2291 incarnatione
1152 2228 1283 2292 Domini
1300 2225 1500 2294 MCCXXII
1517 2246 1588 2290 cum
1606 2227 1759 2292 christiani

729 2316 889 2380 tenuissent
910 2317 1087 2380 Damietam
1113 2335 1167 2400 per
1190 2318 1267 2381 duos
1282 2339 1388 2396 annos,
1412 2332 1529 2399 preerat
1556 2317 1599 2379 eis
1621 2315 1759 2402 Pelagius

729 2405 870 2468 Romane
884 2401 1008 2466 ecclesie
1022 2405 1192 2485 cardinalis,
1206 2421 1339 2488 exparte
1356 2406 1489 2468 Romani
1502 2403 1657 2469 Pontificio
1669 2404 1759 2490 legati

730 2495 859 2576 fungens
882 2493 993 2572 officio,
1013 2493 1043 2557 &
1065 2496 1226 2576 pecuniam
1249 2493 1412 2576 publicam,
1435 2514 1495 2577 que
1515 2513 1569 2575 per
1589 2495 1759 2557 universum

731 2581 879 2642 mundum
894 2581 932 2642 ab
947 2578 1152 2646 ecclesiasticis
1162 2581 1233 2644 viris
1247 2582 1373 2644 nomine
1384 2577 1572 2658 vicesrme&
1583 2579 1649 2644 aliis
1660 2583 1760 2646 modis

729 2667 830 2730 minus
844 2666 944 2743 reddis,
958 2681 1020 2728 tam
1039 2688 1056 2728 a
1076 2666 1160 2729 clero
1181 2687 1274 2750 quam
1298 2666 1415 2751 populo
1437 2667 1533 2729 suerat
1558 2683 1688 2748 extorta,
1702 2689 1759 2751 pro

729 2752 886 2816 voluntate
901 2754 951 2815 sus
965 2753 1075 2838 quibus
1089 2753 1212 2816 volebat
1226 2754 1409 2836 dispensans:
1432 2754 1485 2836 qui
1503 2775 1575 2815 cum
1596 2751 1668 2818 esset
1689 2755 1760 2817 His

732 2861 827 2923 panus
840 2861 962 2924 genere,
976 2840 1171 2924 francigenis
1186 2842 1287 2904 minus
1301 2861 1393 2924 quam
1412 2841 1495 2923 quod
1510 2841 1643 2920 deberet,
1664 2844 1760 2904 dona-

731 2929 791 2991 bat.
806 2929 867 2991 Hic
882 2927 1031 3011 persuasit,
1044 2931 1141 2991 immo
1156 2932 1258 3016 coegit
1272 2928 1459 3008 christianos,
1474 2944 1507 2991 ut
1521 2929 1617 2992 casira
1629 2949 1758 2993 moven-

729 3032 774 3080 tes
795 3017 874 3079 irent
894 3016 923 3079 δι
942 3017 1109 3100 Taphnida
1132 3016 1311 3080 obsiderent.
1335 3015 1432 3104 Quod
1453 3034 1525 3080 cum
1546 3017 1761 3082 dissuaderetur

730 3106 759 3167 ei
777 3125 794 3168 a
807 3101 944 3168 Iohanne
959 3125 1029 3188 rege
1050 3103 1312 3188 lerosolymiteno,
1328 3101 1567 3167 christianiffimo
1582 3105 1612 3168 dr
1626 3107 1657 3168 in
1678 3107 1760 3170 bello

729 3193 896 3273 fortissimo,
921 3193 1003 3256 &ab
1026 3193 1092 3257 aliis
1116 3194 1167 3277 qui
1190 3195 1278 3276 periti
1293 3209 1380 3255 erant
1394 3193 1424 3255 in
1446 3193 1498 3254 usu
1513 3210 1679 3274 armorum,
1700 3195 1760 3278 ipse

731 3281 877 3364 potestate
892 3279 946 3344 fibi
959 3282 1067 3344 tradita
1081 3282 1359 3345 excommunicavit
1373 3302 1480 3344 omnes
1495 3282 1547 3364 qui
1565 3282 1592 3344 ei
1607 3284 1761 3347 contradi·

730 3385 836 3433 cerent
849 3370 880 3432 in
895 3370 955 3432 hoc
970 3369 1062 3450 sadlo,
1079 3369 1109 3432 dt
1124 3371 1216 3432 etiam
1237 3389 1344 3432 omnes
1359 3369 1411 3452 qui
1425 3369 1491 3432 eius
1506 3370 1661 3452 proposito
1683 3393 1760 3437 con·

732 3460 868 3536 trairent,
882 3459 1012 3521 aureius
1032 3457 1183 3520 voluntati
1205 3459 1236 3519 in
1254 3458 1358 3540 aliquo
1382 3455 1582 3521 dissentirent:
1607 3461 1688 3522 unde
1708 3459 1761 3542 ipss

732 3561 856 3630 propter
868 3544 974 3608 Deum
986 3545 1173 3609 obsedientes
1185 3547 1295 3623 eidem,
1306 3545 1336 3608 δι
1347 3545 1474 3609 scienter
1484 3548 1649 3613 manumin
1659 3548 1761 3631 ignem

734 3635 899 3714 mittentes,
913 3649 1112 3717 perrexerunt
1131 3655 1203 3696 curn
1217 3655 1265 3696 eo.
1280 3633 1429 3697 Soldanus
1443 3649 1544 3697 autem
1565 3635 1761 3719 congregavit

730 3723 907 3784 exercitum.
936 3721 1012 3784 Erat
1036 3737 1138 3784 autem
1166 3721 1309 3802 septimus
1341 3741 1438 3784 annus
1465 3743 1528 3805 quo
1562 3723 1655 3787 Nilus
1687 3722 1761 3786 solet

731 3808 919 3873 excrescere:
931 3812 982 3892 qui
998 3831 1069 3872 curn
1084 3807 1269 3888 excrevisset,
1283 3808 1410 3872 vallibus
1424 3809 1454 3872 dr
1469 3810 1553 3873 terris
1567 3811 1761 3874 inferioribus

730 3898 791 3960 itm
807 3896 1012 3982 stagnantibus
1026 3895 1256 3961 christianorum
1267 3898 1417 3962 exercitus
1427 3919 1489 3960 non
1505 3899 1605 3982 potuit
1618 3915 1670 3962 aut
1684 3898 1762 3962 ultra

732 3985 885 4069 progredi,
899 4001 951 4049 sut
966 3984 1143 4049 Darnietasn
1159 3986 1267 4064 redire,
1280 4006 1338 4048 nec
1356 3984 1456 4069 aliqua
1470 3985 1508 4048 de
1523 3999 1606 4070 parte
1622 4000 1762 4068 poterant

730 4074 773 4137 eis
791 4073 934 4136 vidtualia
953 4075 1123 4156 provenire.
1140 4075 1233 4137 Unde
1247 4073 1417 4136 necessitate
1436 4071 1595 4155 compulsi,
1610 4073 1640 4138 dt
1656 4090 1709 4138 rex
1732 4075 1762 4138 δι

730 4159 889 4224 cardinalis
906 4161 937 4223 st
947 4181 1055 4223 omnes
1069 4160 1118 4245 alij
1138 4160 1166 4223 se
1181 4160 1364 4223 dediderunt
1377 4159 1510 4239 soldano,
1523 4159 1554 4224 δι
1567 4163 1762 4226 reddiderunt

729 4248 757 4309 ei
767 4246 1010 4331 Damietampro
1024 4248 1235 4330 redemptione
1249 4266 1415 4330 corporum
1430 4248 1602 4329 suorum&
1617 4253 1659 4313 ita
1668 4267 1761 4332 appa·

732 4337 793 4398 ruit
814 4336 969 4399 manifeste
987 4336 1069 4420 quod
1091 4337 1198 4400 coadta
1214 4337 1331 4400 servitia
1352 4337 1526 4420 &pecunia
1545 4351 1665 4402 extorta
1682 4357 1761 4399 nun·

729 4438 822 4509 quam
838 4424 960 4507 placent
974 4423 1055 4488 Deo.
