4362 6560
809 991 891 1048 202
949 958 1192 1086 ‘Testimoniu
1213 957 1253 1046 in
1279 953 1690 1079 Germanioscrt'pto.

1239 1353 1305 1406 Cae.
1318 1352 1376 1402 vn.

888 1534 936 1596 De
950 1533 1034 1617 legati
1046 1535 1199 1614 ambitione,
1214 1535 1287 1618 regis
1298 1535 1357 1612 ira,
1371 1535 1451 1597 clude
1463 1536 1619 1617 nostrorum
1632 1535 1745 1624 misera.

1233 1768 1300 1820 Cae.
1314 1766 1385 1818 VllL

733 1969 793 2005 rano
840 1953 893 2003 lam
909 1952 983 2004 rebus
996 1951 1044 2003 suia
1056 1951 1169 2003 diffidens
1184 1949 1328 2004 Maledinue
1348 1949 1450 2003 incensu
1470 1949 1562 2016 castris,
1582 1950 1711 2022 Chayrum
1724 1951 1830 2016 abierat,
1843 1949 1906 1996 Oliv·
1918 1943 2007 2002 stimi-s

806 2030 1018 2100 Babylonamque
1044 2030 1205 2083 munitiorem
1232 2031 1335 2083 reddere
1361 2031 1508 2082 conabatur.
1535 2031 1620 2083 Latini
1641 2029 1720 2100 patrie
1740 2031 1829 2083 veteris
1840 2024 1864 2074 P·
1877 2019 2012 2070 ¹4¹⁵'¹⁴²3

804 2111 974 2176 immemores,
988 2121 1109 2181 tanquam
1122 2110 1148 2162 in
1161 2110 1287 2163 coloniam
1298 2109 1428 2176 venissent,
1441 2110 1536 2162 inurbe
1544 2110 1666 2163 Damiata
1679 2126 1722 2180 per
1735 2127 1829 2163 annum

804 2189 882 2243 serme
893 2189 1019 2259 integrum
1034 2190 1159 2254 desedere,
1179 2207 1258 2258 quum
1271 2188 1334 2242 inter
1348 2189 1480 2259 Pelagium
1492 2190 1644 2242 cardinalem
1657 2207 1688 2242 ac
1704 2191 1829 2244 Brennum

770 2273 775 2284 '
804 2286 889 2337 regem
903 2269 935 2322 de
947 2268 1043 2322 ditione
1061 2268 1191 2322 contentio
1211 2269 1292 2321 oritur
1304 2268 1455 2338 gravissumo.
1478 2268 1568 2322 Partes
1577 2269 1642 2323 enim
1656 2267 1699 2322 srbi
1711 2269 1736 2322 in
1750 2269 1831 2322 omni-

803 2348 850 2399 bus
863 2348 956 2417 primas
970 2347 1076 2418 legatus,
1087 2348 1139 2401 iure
1151 2347 1284 2417 legationis
1300 2348 1458 2401 vendicabat.
1479 2350 1578 2403 Brenna
1592 2367 1644 2415 rex,
1655 2349 1768 2402 omnium
1782 2349 1831 2400 sus·

803 2426 900 2496 fragiis,
921 2427 990 2481 urbis
1011 2427 1142 2496 imperium
1164 2427 1312 2479 iamdudum
1334 2427 1449 2497 adeptus,
1471 2428 1591 2481 exercitus
1613 2429 1789 2498 imperatorem
1806 2428 1831 2480 se

803 2504 861 2573 effe,
882 2509 906 2559 a
923 2506 979 2559 deci
996 2507 1089 2560 debere
1110 2507 1290 2574 contendebat,
1312 2524 1359 2559 nec
1375 2508 1399 2560 se
1414 2525 1525 2577 unquam
1538 2508 1592 2560 viro
1605 2519 1695 2576 togato
1707 2506 1829 2561 cessurum

803 2599 889 2655 aperte
906 2587 1056 2640 minabatur.
1080 2589 1143 2640 Erat
1164 2599 1250 2640 autem
1264 2587 1388 2640 Iohannes
1409 2586 1446 2640 vir
1465 2586 1525 2639 alias
1543 2589 1604 2640 &in
1617 2587 1788 2657 republica&
1803 2587 1829 2638 in

803 2667 892 2720 militia
904 2667 1098 2719 adminislranda
1111 2667 1202 2732 clarus,
1214 2678 1302 2736 gratus
1313 2678 1365 2718 tam
1375 2666 1473 2718 civibus
1483 2684 1559 2737 quam
1573 2666 1695 2720 militibus
1704 2666 1828 2719 omuibus.

802 2748 858 2799 Nec
871 2747 974 2799 deerant
995 2763 1025 2798 ex
1039 2745 1183 2815 peregrinis,
1204 2745 1248 2816 qui
1268 2745 1326 2799 huic
1349 2747 1384 2797 ob
1402 2745 1506 2798 virtuter
1526 2746 1551 2798 in
1573 2764 1604 2799 eo
1622 2745 1762 2798 clarislimae
1784 2747 1830 2797 im·

803 2827 877 2896 pense
889 2825 1013 2878 faverente
1035 2838 1148 2889 econtra,
1170 2825 1277 2894 Pelagio
1294 2825 1451 2889 inridebant,
1470 2836 1592 2896 tanquam
1604 2825 1699 2879 homini
1710 2843 1830 2895 arrogan-

804 2905 902 2970 tissimo,
919 2905 964 2975 qui
976 2904 1122 2957 ambitionis
1135 2905 1240 2957 modum
1256 2906 1367 2958 nesciret.
1381 2905 1480 2957 Inventi
1493 2906 1549 2958 sunt
1561 2906 1646 2970 etiam,
1659 2906 1702 2975 qui
1715 2905 1739 2957 in
1753 2907 1831 2958 Bren-

803 3001 861 3036 nam
884 3003 979 3054 regern,
1000 2985 1072 3038 huius
1094 2986 1216 3038 discordie
1229 2985 1328 3038 causam
1351 2985 1518 3050 transferrent,
1540 2986 1609 3054 quod
1629 2985 1662 3037 de
1680 2985 1704 3038 se
1726 2985 1830 3037 nimium

802 3064 929 3117 confidens
943 3084 974 3118 ex
987 3065 1093 3118 arbitrio
1105 3065 1190 3117 omnia
1202 3076 1310 3134 regeret,
1329 3064 1545 3118 admonitionibus
1557 3064 1644 3133 legati,
1663 3064 1730 3116 nulla
1744 3064 1831 3117 habita

802 3143 954 3197 conditionis
967 3145 1113 3211 reverentia,
1125 3145 1296 3198 immodestius
1309 3144 1333 3197 in
1348 3145 1465 3197 omnibus
1477 3144 1653 3198 recalcitraret.
1676 3146 1732 3197 Hec
1744 3155 1829 3197 autem

804 3224 933 3276 contentio
946 3224 1045 3294 magnis
1059 3225 1157 3278 ausibus
1171 3241 1269 3277 moram
1283 3224 1374 3290 intulit,
1393 3225 1478 3294 reique
1491 3227 1555 3278 bene
1568 3223 1677 3293 gerende
1690 3235 1743 3277 tum
1756 3241 1830 3277 occa-

805 3301 906 3368 tionem,
926 3315 980 3356 tum
994 3321 1069 3356 omne
1087 3304 1182 3356 ademit
1200 3315 1309 3375 tempus.
1333 3304 1390 3356 Rex
1402 3303 1468 3357 enim
1481 3303 1568 3368 iratus,
1580 3303 1763 3356 Ptolemaidem
1778 3321 1831 3356 ma-

805 3399 856 3450 gua
871 3383 978 3435 militum
997 3401 1074 3436 manu
1093 3382 1195 3448 fecisset,
1214 3385 1316 3435 causam
1339 3383 1450 3452 capiens,
1475 3379 1558 3464 quod
1580 3379 1831 3462 Milichasecaph,

805 3466 967 3549 Saphadini
987 3467 1077 3548 filius,
1098 3471 1172 3530 dum
1191 3470 1223 3531 in
1245 3469 1318 3530 urbe
1335 3467 1480 3530 Damiata
1493 3469 1694 3550 expugnanda
1708 3469 1738 3532 dt
1753 3489 1831 3530 con-

804 3555 954 3618 stituenda
968 3572 1146 3636 moraretur,
1152 3555 1353 3639 Templarios
1368 3554 1449 3618 bello
1464 3577 1621 3634 exercens,
1636 3556 1748 3619 Albam
1765 3556 1831 3638 spe-

802 3643 914 3723 culam,
930 3642 1092 3726 presidium
1108 3643 1419 3707 munificentislimum
1433 3641 1630 3722 destruxisset,
1644 3643 1831 3727 occupasset-

802 3753 862 3814 que
884 3731 1013 3794 castrum
1037 3732 1150 3815 Saphet
1169 3731 1431 3795 Damascenorum
1454 3731 1603 3794 soldanus.
1627 3732 1718 3794 Hanc
1739 3732 1831 3813 igitur

803 3835 918 3881 tantam
938 3819 1121 3902 Reipublice
1143 3819 1262 3882 cladem
1283 3818 1487 3881 ulciscendam
1508 3816 1561 3881 sebi
1587 3817 1655 3898 else,
1681 3841 1715 3882 ac
1730 3819 1831 3882 Tem-

804 3906 907 3987 plariis
920 3906 1047 3971 substdia
1061 3908 1186 3972 serenda
1200 3907 1329 3971 dicebat.
1354 3905 1435 3970 Fore
1456 3922 1490 3970 ut
1503 3907 1650 3971 conscisas
1665 3908 1744 3971 vires
1762 3906 1830 3970 Sar·

803 4015 984 4056 racenorum
999 4011 1149 4074 attereret,
1163 3995 1411 4079 &conprimeret
1423 3997 1600 4059 temerarios
1614 4017 1721 4058 eorum
1735 3995 1831 4073 ausus,

802 4083 1045 4168 recuperatisque
1073 4083 1216 4166 prefidiis,
1245 4084 1328 4146 brevi
1357 4083 1394 4146 ad
1422 4084 1591 4146 exercitum
1618 4099 1829 4147 reverteretur.

803 4169 969 4234 Constabat
988 4188 1135 4253 preterea,
1159 4171 1337 4254 Gorgianos
1358 4171 1410 4254 qui
1433 4170 1469 4233 ad
1486 4170 1612 4254 Caspios
1635 4187 1755 4235 montes
1769 4186 1830 4234 ter-

801 4277 865 4318 ram
887 4259 1065 4338 inhabitant,
1092 4259 1230 4339 Colchis,
1254 4257 1349 4322 Iberis
1370 4257 1508 4322 finitimis
1529 4258 1641 4322 auxilia
1661 4278 1714 4342 per
1728 4258 1830 4323 literas

802 4345 957 4427 pollicitos
972 4344 1040 4426 esse,
1054 4362 1146 4430 atque
1160 4345 1302 4410 Leonem
1318 4367 1431 4430 regem,
1446 4347 1499 4429 qui
1514 4367 1659 4409 unacum
1674 4347 1830 4409 Armeniis

801 4454 854 4494 eos
866 4435 998 4516 regebat,
1015 4435 1191 4496 adfuturum
1203 4434 1392 4518 propediem.
1408 4434 1475 4496 Hos
1487 4449 1521 4496 ut
1531 4434 1697 4516 exciperet,
1708 4434 1830 4498 Brenna

802 4519 916 4581 iturum
936 4520 964 4582 se
979 4521 1118 4598 instabat,
1140 4541 1275 4584 necnon
1290 4518 1443 4583 Iconensrs
1459 4522 1537 4604 regis
1551 4521 1655 4604 copias
1669 4522 1829 4586 auxiliares

801 4605 829 4668 se
853 4608 1065 4671 adduAElurum.
1091 4607 1166 4696 Que
1188 4609 1293 4671 omnia
1316 4609 1368 4672 etsr
1392 4607 1565 4672 veristmilia
1583 4611 1774 4690 videbantur,
1798 4612 1829 4674 in
