4168 6502
797 971 885 1064 268
984 969 1228 1099 ‘sessimoniu
1249 969 1291 1060 in
1313 967 1438 1062 ltalia
1447 969 1625 1098 scripto.

721 1254 781 1304 reip
792 1231 893 1302 prebuit
912 1230 1034 1284 auditum.
1056 1232 1168 1286 Cernens
1189 1230 1292 1301 quidem
1313 1232 1338 1284 in
1350 1248 1381 1284 eo
1396 1231 1518 1286 senorem
1530 1233 1636 1302 spiritura,
1651 1233 1816 1287 molientium

792 1310 881 1376 animi,
903 1322 1076 1380 contemptum
1089 1310 1139 1364 vite
1160 1311 1276 1381 presentia
1298 1310 1485 1382 efficaciamque
1507 1313 1585 1366 divini
1600 1313 1816 1376 sermonit,dero-

793 1389 887 1444 tiooeru
899 1401 996 1443 tantem
1005 1389 1120 1460 concepit
1132 1390 1166 1442 ad
1177 1390 1266 1460 ipsum,
1275 1402 1302 1442 ut
1315 1407 1409 1460 magno
1417 1408 1476 1444 cum
1487 1392 1582 1444 honore
1591 1391 1697 1462 dignum
1706 1392 1817 1458 duomet,

793 1486 897 1524 numera
908 1469 1019 1540 preciose
1030 1469 1166 1522 offerret&
1186 1468 1220 1520 ad
1235 1469 1319 1522 secum
1336 1469 1485 1522 trahendum
1505 1487 1603 1522 monem
1621 1470 1739 1523 instanter
1754 1470 1818 1522 inei·

794 1559 868 1603 taret.
880 1551 916 1602 Et
927 1547 988 1619 quid
1006 1549 1114 1601 mirum?
1132 1549 1157 1600 Si
1174 1548 1286 1602 Christum
1297 1548 1374 1601 corde
1387 1548 1488 1601 suorum
1499 1562 1670 1604 commoneret
1690 1549 1722 1602 ad
1742 1567 1819 1603 tene·

794 1629 916 1682 rationem
929 1628 996 1682 beati
1007 1627 1140 1693 Francisci,
1151 1644 1209 1680 cum
1222 1645 1266 1698 per
1282 1628 1377 1680 ratione
1394 1629 1503 1681 carentia
1520 1628 1548 1682 lit
1565 1629 1615 1699 ipse
1632 1630 1721 1683 beatur
1738 1630 1818 1682 Fran·
1830 1656 1851 1701 p.
1861 1641 1902 1686 216

795 1708 873 1761 uiscus
885 1706 1051 1778 multipliciter
1062 1707 1209 1772 honoratus,
1221 1706 1366 1759 recedendo
1377 1706 1411 1758 ad
1422 1707 1510 1777 ipsum,
1524 1707 1611 1760 llando
1627 1724 1686 1760 cum
1703 1706 1755 1777 ipso
1772 1722 1818 1758 nec

795 1789 829 1841 ab
849 1804 881 1840 eo
904 1787 1043 1842 nullatenus
1062 1787 1177 1841 recedere
1203 1786 1319 1852 volendo,
1343 1797 1417 1856 prout
1440 1787 1501 1840 dicit
1525 1789 1615 1841 oddara
1634 1804 1692 1857 pars
1718 1784 1819 1838 nidoris

796 1865 912 1937 ugnas

1182 2032 1239 2087 ιιι.
1255 2034 1290 2100 ιι,
1301 2033 1374 2087 sua.
1393 2051 1433 2100 ιι.

837 2202 975 2288 Septimo
997 2201 1135 2285 stigmata
1157 2202 1237 2266 beati
1261 2202 1411 2268 Francisci
1436 2205 1502 2268 sunt
1529 2205 1711 2268 autenticam
1738 2202 1821 2266 testi·
1834 2239 1854 2284 p.
1864 2235 1922 2283 ²15⁶

799 2291 905 2353 monio
916 2289 1086 2354 sandiuntm
1097 2291 1262 2354 fratrum&
1275 2293 1413 2355 virorum
1427 2292 1548 2355 suorum
1560 2292 1712 2376 postremo
1722 2291 1821 2354 fratris

799 2377 972 2458 illuminati,
992 2379 1045 2462 qui
1064 2401 1137 2442 curn
1150 2379 1240 2442 beato
1254 2378 1280 2442 F
1282 2380 1415 2443 rancisco
1438 2383 1475 2442 ad
1496 2381 1663 2444 Soldanum
1681 2379 1821 2463 perrexit.

800 2465 862 2530 Hic
875 2465 1012 2550 stigmata
1024 2465 1144 2529 vidit&
1167 2467 1288 2528 beatum
1309 2464 1502 2531 Franciscum
1521 2468 1625 2530 seriem
1643 2467 1673 2530 du
1694 2465 1823 2528 modum

800 2553 999 2636 impreffionis
1013 2554 1192 2618 recitantem
1206 2555 1331 2618 audivit.

1188 2773 1246 2828 Lib.
1258 2775 1294 2842 11,
1308 2773 1380 2829 sru&
1394 2781 1438 2841 38.

843 2962 955 3028 Beatus
968 2963 995 3028 F
994 2965 1143 3030 ranciscus
1156 2967 1250 3046 enim,
1262 2967 1304 3029 ob
1318 2965 1443 3030 salutem
1456 2968 1625 3029 ammaum
1645 2966 1675 3030 δι
1694 2982 1727 3029 ut
1747 2988 1825 3030 corr-
1838 2994 1909 3057 μμ

803 3067 934 3115 verteret
946 3050 1083 3116 infideles
1096 3053 1133 3116 ad
1149 3053 1315 3134 Christum,
1328 3071 1375 3118 ter
1390 3054 1426 3117 ad
1442 3071 1540 3136 partes
1554 3053 1722 3117 infidelium
1740 3054 1826 3116 adire

805 3139 962 3223 proposuit
976 3161 1033 3222 pro
1047 3139 1244 3204 conversione
1257 3142 1432 3226 ipsorum&
1447 3165 1503 3226 pro
1515 3141 1615 3226 palma
1623 3142 1828 3224 concipienda

805 3227 1828 3314 martirij,licetergobisproposueritimsepetamenfuitimpeditus.

807 3315 909 3380 Primo
916 3338 1012 3399 quum
1023 3318 1085 3380 ibat
1098 3319 1135 3380 ad
1147 3320 1375 3382 miramolinum
1385 3319 1484 3381 versus
1495 3315 1654 3400 Ispaniam,
1663 3319 1720 3381 fuit
1729 3319 1830 3400 impe-

806 3405 886 3469 ditus
896 3403 1082 3468 infirmitate.
1096 3405 1237 3470 Secundo
1248 3429 1344 3490 quum
1355 3408 1418 3470 ibat
1430 3406 1530 3470 versus
1541 3406 1715 3486 soldanum,
1729 3408 1830 3469 ventis

806 3492 881 3556 &in
895 3493 972 3556 mati
985 3515 1049 3557 non
1063 3491 1199 3556 secundis
1213 3493 1342 3557 flatibus.
1355 3494 1467 3558 Tertio
1489 3511 1589 3557 tamen
1609 3514 1737 3576 pergens
1756 3514 1831 3556 cum

805 3581 858 3666 xij.
873 3581 1012 3644 fratribus
1026 3582 1063 3644 ad
1078 3597 1179 3664 partes
1192 3581 1269 3646 Sirie
1283 3583 1461 3664 permultos
1475 3582 1603 3661 labores,
1617 3581 1828 3645 tribulationes

806 3670 837 3734 du
850 3670 1060 3752 captivitates:
1074 3691 1146 3746 cunr
1159 3667 1232 3733 esset
1243 3691 1351 3754 guerra
1364 3671 1443 3733 inter
1456 3672 1635 3734 Sarracenos
1650 3670 1680 3733 δι
1693 3669 1831 3733 christia·

806 3779 874 3838 nos,
887 3757 992 3821 divino
1011 3757 1130 3821 favente
1150 3758 1264 3821 auxilio
1286 3761 1322 3820 ad
1345 3758 1511 3822 Soldanum
1526 3760 1715 3840 perveniens,
1727 3760 1831 3820 eidem

807 3848 912 3911 beatus
931 3845 1109 3910 Franciscus
1129 3868 1155 3910 a.
1176 3846 1217 3930 sp.
1237 3846 1256 3910 s.
1275 3846 1403 3910 edusius
1424 3863 1486 3909 tam
1507 3845 1685 3910 diviniffime
1709 3847 1748 3909 de
1769 3845 1831 3909 fide

807 3934 960 4000 catholica
972 3935 1071 4000 san&
1085 3936 1262 4018 predicavit,
1276 3965 1381 4017 quoque
1400 3965 1444 4016 per
1461 3947 1548 4016 ignem
1569 3946 1633 4000 broc
1646 3947 1670 4000 se
1689 3949 1832 4016 approbare
1844 3973 1998 4022 &mm

807 4027 907 4080 obtulit.
921 4027 1028 4096 Propter
1039 4027 1110 4096 quod
1120 4026 1242 4078 Soldam
1252 4027 1277 4078 in
1289 4026 1344 4097 ipso
1356 4043 1448 4096 magna
1457 4025 1593 4078 devotione
1604 4025 1730 4095 concepit,
1744 4037 1832 4078 umen
1853 4043 1916 4108 [ψ.
1925 4051 1982 4102 μςο

807 4123 854 4178 pro
867 4105 1003 4161 oonllrntia
1017 4104 1075 4158 fidei
1093 4123 1169 4174 quam
1184 4123 1230 4176 pto
1243 4119 1390 4175 contemptu
1408 4105 1582 4174 temporalium
1595 4103 1655 4158 nibil
1667 4123 1716 4158 nou
1730 4106 1832 4174 abipso

807 4186 921 4258 accipere
930 4186 1017 4253 voluit,
1025 4203 1082 4239 curn
1092 4185 1151 4240 effet
1159 4187 1333 4256 pauperculus,
1341 4189 1498 4256 quam&pro
1507 4185 1604 4238 fervore
1614 4185 1726 4252 martirii.
1741 4179 1784 4244 Et
1794 4201 1832 4242 ex

809 4282 883 4330 tunc
900 4284 971 4326 eum
993 4263 1181 4326 libentiffime
1201 4262 1343 4326 audiebat
1365 4263 1395 4326 δι
1414 4265 1541 4347 rogavit,
1555 4279 1589 4326 ut
1602 4264 1639 4326 ad
1659 4261 1756 4346 ipsum
1770 4259 1832 4322 sre-

809 4368 938 4438 quenter
957 4353 1125 4415 accederet
1145 4351 1187 4414 Et
1210 4352 1330 4435 insuper
1344 4349 1397 4414 fibi
1421 4352 1563 4415 conceffit
1582 4350 1612 4413 δι
1631 4350 1729 4427 sociis,
1747 4346 1832 4432 quod

810 4459 1006 4526 quocumque
1020 4439 1112 4503 vellet
1125 4440 1219 4503 libere
1235 4441 1303 4520 iret,
1317 4440 1347 4503 ἃ
1361 4441 1474 4524 ubique
1488 4462 1542 4523 per
1553 4455 1653 4502 totum
1668 4437 1832 4519 imperium

811 4529 896 4592 suum
910 4528 1004 4590 libere
1025 4528 1205 4610 predicaret.
1219 4528 1261 4591 Et
1281 4528 1365 4592 dedit
1379 4529 1534 4612 quoddam
1549 4525 1753 4612 stgnaculum:
1768 4546 1831 4608 quo

811 4615 874 4680 viso
887 4637 906 4680 a
918 4618 1041 4681 nemine
1059 4618 1221 4681 lederetur.
1236 4616 1350 4682 Habita
1367 4617 1460 4701 igitur
1482 4615 1539 4678 hac
1560 4615 1683 4678 licentia
1702 4613 1832 4690 liberali,

812 4705 928 4770 sanstus
941 4704 968 4769 F
968 4706 1117 4771 ranciscus
1131 4705 1228 4770 socios
1242 4705 1330 4770 binos
1344 4706 1415 4768 nine
1430 4703 1501 4768 inde
1518 4699 1677 4766 transmitit
1687 4703 1718 4764 in
1729 4702 1831 4768 diver·
