4336 6572
799 971 859 1065 94
981 940 1225 1069 seflimonia
1246 941 1287 1030 r'n
1313 938 1642 1064 Galliofirripru.

796 1202 889 1264 etiam
903 1199 990 1262 multi
1005 1199 1055 1283 alij
1071 1200 1143 1262 boni
1158 1200 1280 1279 militer,
1290 1201 1342 1283 qui
1353 1221 1460 1262 omnen
1473 1219 1546 1262 cum
1556 1199 1660 1262 multia
1671 1198 1820 1263 Romania

796 1304 866 1352 ante
880 1287 1056 1351 Damietam
1071 1305 1229 1367 venerunt,
1243 1307 1374 1372 quorum
1394 1288 1515 1350 circiter
1541 1304 1636 1350 roooo
1653 1286 1820 1349 Saracenis

795 1376 940 1458 congrelli
954 1377 1170 1438 detrimentum
1186 1376 1255 1458 padi
1269 1375 1336 1437 sunt
1349 1375 1379 1438 dt
1393 1375 1589 1438 afflictionem
1610 1373 1821 1452 sustinuerunt,

796 1463 899 1526 multis
914 1464 952 1526 de
967 1461 1079 1546 ipsis&
1100 1486 1208 1527 eorum
1228 1463 1361 1547 collegio
1381 1480 1433 1526 aut
1453 1463 1549 1546 captis
1566 1478 1619 1525 aut
1640 1459 1745 1525 occisis
1769 1473 1821 1524 aut

724 1575 782 1624 raro
796 1550 892 1636 perse
907 1551 1041 1615 mortuis.
1067 1563 1142 1633 Capti
1155 1564 1256 1618 ftrerum
1273 1564 1305 1616 de
1322 1562 1470 1616 nostratibus
1483 1563 1608 1616 Iohannes
1629 1562 1663 1615 de
1682 1561 1775 1614 Arceia
1796 1552 1900 1617 &Epist
1910 1553 2002 1616 princip.

796 1642 932 1716 Galthertu
941 1644 1092 1695 camerarius
1106 1643 1130 1696 dr
1143 1643 1209 1696 Milo
1222 1642 1376 1696 Belvacensrr
1391 1642 1492 1707 electus,
1506 1644 1530 1695 δι
1544 1659 1602 1696 cum
1616 1653 1718 1712 propter
1737 1639 1821 1692 multi·
1833 1616 2012 1738 fflmffig„

795 1721 886 1792 plicem
902 1720 937 1772 sui
949 1721 1117 1776 defensionem
1139 1740 1184 1776 nec
1202 1740 1247 1793 per
1265 1735 1359 1776 terram
1379 1738 1425 1774 nec
1445 1739 1488 1792 per
1504 1739 1597 1792 aquam
1620 1719 1747 1774 maniselie
1766 1719 1821 1792 oepi
1871 1711 1887 1738 '
1919 1711 1927 1737 ¹

796 1799 874 1871 posset
885 1799 972 1853 ciritae
985 1802 1114 1867 Damiata,
1123 1801 1164 1854 sed
1177 1799 1226 1853 lam
1239 1800 1306 1870 quali
1319 1800 1352 1853 de
1363 1801 1531 1870 occupatione
1544 1801 1686 1872 desperaret
1698 1801 1822 1854 exercitus

795 1879 948 1944 christianua,
967 1880 1069 1933 tandem
1089 1882 1147 1934 Deo
1165 1879 1316 1950 propitiante
1338 1879 1439 1932 nonde
1460 1880 1553 1932 virtute
1575 1877 1616 1931 vel
1636 1878 1762 1949 probitate
1779 1878 1823 1931 ali-

795 1958 865 2013 cuius
884 1959 998 2025 viventia,
1011 1959 1052 2013 sed
1074 1961 1146 2014 solius
1161 1961 1210 2014 Dei
1229 1961 1332 2015 dextera
1354 1973 1483 2031 pugnante
1502 1959 1646 2014 mirabiliter
1663 1977 1709 2090 pro
1727 1959 1823 2024 nostr'u,

697 2036 782 2084 nont
795 2047 870 2105 capta
882 2037 916 2089 est
933 2039 1054 2091 Damiata
1072 2041 1140 2092 sexto
1163 2039 1219 2092 idus
1238 2041 1364 2094 Novemb.
1386 2039 1532 2109 intempeste
1548 2039 1628 2092 nodiia
1648 2037 1743 2090 srentio
1758 2034 1823 2090 adeo

796 2114 952 2183 miraculose,
961 2117 1031 2188 quod
1044 2119 1068 2171 in
1078 2118 1151 2189 ipsius
1163 2119 1282 2188 captione
1293 2136 1340 2171 nec
1355 2136 1420 2171 unua
1431 2119 1464 2172 de
1477 2117 1564 2171 nolitia
1577 2117 1657 2170 extitit
1670 2115 1823 2182 interfectus,

795 2209 841 2248 noc
853 2194 939 2260 etiam,
954 2197 1022 2267 quod
1043 2197 1124 2250 minua
1136 2198 1179 2263 est,
1192 2197 1278 2251 leviter
1293 2198 1444 2262 vulneratus,
1458 2209 1539 2268 preter
1552 2215 1629 2249 unum
1644 2196 1688 2265 qui
1701 2209 1822 2265 tanquam

795 2289 839 2342 per
851 2271 1017 2329 flebotomum
1031 2275 1108 2330 icium
1120 2277 1209 2347 sagitte
1215 2277 1308 2347 recepit
1318 2278 1343 2330 in
1353 2278 1423 2347 pede.
1439 2279 1480 2330 De
1491 2275 1629 2330 sarracenis
1643 2291 1702 2330 vero
1710 2273 1823 2328 totceci·

794 2353 884 2405 derunt
896 2372 926 2407 ea
938 2355 1013 2408 diein
1027 2373 1071 2409 ore
1080 2357 1168 2426 gladij‚
1177 2359 1246 2426 quod
1256 2357 1342 2410 nostris
1355 2375 1457 2427 quoque
1469 2355 1599 2426 displicuit.
1614 2353 1728 2408 Malorea
1737 2368 1822 2408 tamen

794 2431 926 2486 admiraldi
938 2433 963 2488 in
976 2437 1053 2488 muria
1072 2439 1095 2489 dt
1115 2438 1224 2490 turribus
1245 2439 1270 2491 de
1291 2437 1471 2490 munitionibus
1488 2436 1566 2506 capti,
1581 2435 1696 2488 reservati
1717 2435 1823 2488 suntad

794 2511 882 2578 vitam,
901 2529 948 2582 pro
963 2515 1054 2582 quibua
1071 2517 1185 2585 captivos
1204 2534 1291 2570 omnes
1312 2535 1363 2570 non
1385 2517 1462 2570 solum
1485 2515 1605 2569 rehabere
1622 2514 1762 2584 sperabant,
1781 2513 1823 2578 sed

795 2592 870 2646 etiam
884 2593 1015 2661 pecuniam
1027 2594 1157 2650 infinitam.
1174 2598 1280 2650 Inventa
1293 2596 1326 2650 eli
1339 2597 1427 2650 civitat
1439 2597 1491 2666 ipsa
1508 2595 1582 2666 plena
1594 2611 1656 2648 auro
1672 2595 1696 2648 dt
1716 2603 1822 2662 argento
1835 2593 1909 2656 ppos

795 2671 820 2726 dr
835 2672 921 2740 pannii
933 2673 1014 2726 sericia
1025 2676 1049 2726 dr
1062 2674 1187 2744 lapidibus
1199 2676 1319 2745 pretiosis,
1333 2676 1458 2730 frumunto
1471 2677 1494 2729 dr
1509 2675 1624 2730 ordeo&
1638 2673 1692 2726 aliia
1708 2672 1821 2742 pluribua

795 2749 896 2816 divitiis,
910 2752 1000 2821 quibus
1014 2753 1107 2806 ditatur
1124 2755 1157 2808 esl
1178 2756 1301 2808 exercitur
1320 2755 1474 2819 christianus,
1495 2754 1604 2825 spoliatis
1623 2752 1741 2824 Egiptiia.
1757 2753 1824 2818 Qua,

795 2825 855 2880 licut
866 2831 959 2898 captivi
971 2832 996 2883 in
1008 2832 1059 2902 ipsa
1072 2833 1163 2903 reperti
1176 2834 1304 2901 dicebant,
1317 2836 1415 2888 munita
1432 2835 1522 2898 extitit,
1541 2832 1643 2904 quando
1663 2830 1757 2912 quseffa
1774 2829 1824 2884 fuit

793 2905 818 2959 in
830 2925 932 2980 gyrum,
941 2929 1029 2978 45000
1043 2925 1214 2982 pugnatorum
1228 2927 1310 2984 preter
1319 2913 1468 2988 decrepitos,
1476 2911 1593 2984 parruloa
1606 2911 1630 2963 dr
1642 2909 1767 2978 mulieres,
1778 2918 1825 2978 qui

794 2985 895 3040 fuerunt
909 3007 920 3039 r
926 3007 994 3056 5000
1008 2989 1120 3043 estimati.
1136 2994 1224 3045 Preter
1236 2993 1316 3046 ditior
1332 3011 1393 3047 vero
1412 3007 1471 3046 ante
1485 2992 1629 3062 captionem
1646 2989 1754 3042 civitatia
1773 3007 1825 3056 ²40

793 3064 826 3117 de
838 3067 910 3120 nodie
923 3068 1051 3123 dvimtem
1065 3069 1224 3137 intrarunt,a
1241 3073 1345 3126 soldano
1366 3072 1436 3138 missi,
1456 3074 1481 3124 dr
1501 3091 1560 3137 200,
1577 3069 1620 3140 qui
1643 3069 1734 3122 eadem
1752 3069 1826 3122 noble

794 3144 885 3213 reperti
901 3145 1036 3212 suerunt,a
1054 3149 1141 3201 nostris
1161 3150 1283 3204 interiecti
1303 3151 1366 3204 sunt
1387 3153 1460 3210 Quos
1481 3167 1570 3202 omnea
1590 3146 1766 3212 communiter,
1783 3145 1825 3200 sed

793 3222 957 3279 dirarfimode
969 3226 993 3279 in
1008 3229 1123 3281 manibus
1138 3228 1251 3283 fidelium
1269 3229 1368 3284 suorum
1386 3229 1531 3282 miraculose
1555 3227 1680 3283 Dominus
1698 3225 1825 3280 condufit.

795 3302 893 3355 Eadem
906 3319 966 3356 aero
979 3306 1131 3374 ebdomada,
1152 3327 1203 3378 qua
1219 3322 1293 3380 capta
1308 3311 1389 3362 suerat
1407 3309 1537 3374 Damieta,
1555 3309 1668 3361 nondum
1681 3304 1733 3374 ipsa
1747 3304 1827 3358 ebdo-

794 3381 870 3434 mada
879 3381 957 3450 linita,
969 3399 1072 3456 captum
1085 3387 1118 3440 all
1138 3387 1244 3441 castrum
1258 3387 1417 3442 fortissimum
1432 3389 1505 3457 supra
1518 3403 1596 3452 mare,
1606 3386 1676 3456 quod
1693 3383 1743 3438 suit
1758 3384 1825 3438 auti·

793 3461 878 3530 quitur
890 3463 977 3518 civitat
990 3466 1098 3532 Tbania,
1110 3469 1135 3519 dr
1147 3468 1172 3520 in
1182 3468 1282 3521 Thanir
1294 3468 1429 3521 secundum
1444 3466 1579 3520 Ylidorum
1589 3465 1690 3518 Pharao
1703 3461 1826 3533 regnavit,

793 3542 818 3594 dt
831 3540 867 3594 ibi
882 3543 990 3616 Moyses
1001 3544 1070 3614 signa
1083 3546 1151 3600 fecit.
1171 3549 1201 3600 ln
1214 3547 1316 3600 civitate
1329 3563 1432 3617 quoque
1447 3545 1530 3598 sancia
1547 3543 1679 3596 ierusalem
1696 3540 1825 3596 Sarracani

794 3637 880 3674 muros
892 3622 1073 3690 destruxerunt,
1086 3643 1116 3678 ex
1129 3638 1185 3679 toto
1197 3627 1351 3692 recedentes,
1363 3625 1398 3680 ita
1413 3625 1482 3695 quod
1499 3642 1514 3677 a
1527 3623 1582 3677 solia
1600 3622 1708 3676 Suriania
1729 3624 1754 3676 dr
1772 3621 1825 3674 aliis

795 3699 937 3753 christicolis
950 3701 1104 3757 inhabitatur
1115 3716 1230 3774 ternpore
1244 3705 1381 3774 aliquanto,
1399 3722 1446 3756 nec
1460 3717 1544 3756 tamen
1558 3715 1640 3755 tutum
1658 3713 1720 3768 erat,
1738 3701 1825 3755 noilria

794 3796 851 3831 eam
865 3779 909 3833 fibi
923 3782 1063 3847 vendicare,
1076 3800 1134 3836 cum
1147 3800 1198 3835 non
1215 3785 1336 3837 baberent
1350 3802 1453 3837 manum
1466 3784 1502 3836 ita
1515 3783 1633 3849 validam,
1656 3798 1703 3835 nec
1723 3793 1825 3833 tantum

793 3861 925 3930 populum,
937 3877 983 3913 nec
995 3862 1030 3914 ita
1039 3863 1113 3914 rebua
1126 3861 1264 3914 neceffariia
1278 3863 1410 3929 munitum,
1423 3876 1452 3914 ut
1464 3862 1496 3915 ad
1510 3861 1618 3930 singulos
1633 3863 1825 3916 sarracenorum

794 3940 905 4009 impetire
917 3941 941 3992 δι
953 3940 1094 3993 cotidianos
1106 3939 1206 3994 assultus
1219 3941 1315 4012 possent
1328 3943 1377 3994 sme
1390 3942 1465 3994 muris
1475 3941 1590 3994 refillere.
1608 3941 1694 3992 Habet
1705 3940 1825 3993 Damieta
1838 3948 2015 3998 Pseudo-lauab-

796 4035 840 4088 per
863 4019 993 4072 circuitum
1005 4020 1070 4072 duos
1089 4039 1183 4088 muros,
1205 4034 1285 4074 turrea
1302 4020 1409 4074 maiores
1429 4039 1459 4086 32
1478 4023 1501 4073 dr
1518 4037 1607 4090 parvae
1629 4033 1711 4074 turrea
1732 4020 1826 4090 absque
1838 4010 2038 4076 fill-maffia

795 4115 908 4151 numero.
922 4100 964 4152 De
977 4099 1096 4152 Damieta
1108 4101 1186 4169 usque
1198 4102 1230 4154 ad
1244 4114 1355 4154 montem
1370 4104 1456 4172 synay
1471 4117 1501 4165 ³3
1515 4100 1582 4153 diete
1592 4099 1727 4170 conputari
1739 4100 1827 4152 dicuu-
1838 4093 1859 4138 Ρ·
1873 4075 1928 4136 4²⁸·

796 4193 845 4245 tur,
858 4181 881 4231 dr
896 4179 928 4230 de
941 4191 1027 4232 monte
1040 4183 1125 4250 synay
1139 4181 1217 4249 usque
1228 4181 1363 4234 ierusalem
1377 4181 1445 4233 diete
1459 4197 1490 4244 ²3
1506 4180 1571 4246 sunt,
1578 4181 1638 4232 item
1648 4181 1680 4232 de
1692 4179 1826 4233 Ierusalem

796 4259 873 4328 usque
886 4258 999 4312 Baldacb
1015 4277 1045 4312 ra
1058 4260 1124 4314 diete
1135 4260 1199 4328 sunt,
1211 4262 1235 4312 dr
1247 4259 1306 4312 inde
1319 4272 1428 4330 quatuor
1442 4260 1518 4329 usque
1533 4259 1669 4327 Meclaam;
1690 4259 1755 4312 ultra
1769 4259 1827 4312 Bal·

796 4338 862 4390 dach
874 4338 907 4390 ad
922 4359 935 4406 5
949 4339 1029 4390 dietat
1043 4355 1109 4391 nova
1121 4339 1261 4405 Yconium‚
1275 4357 1324 4410 que
1334 4340 1368 4392 ed
1380 4341 1412 4392 ad
1425 4353 1475 4392 trea
1484 4341 1565 4392 dietat
1578 4339 1611 4391 de
1626 4342 1728 4392 Μοῦσα.
1743 4341 1826 4392 Terra

797 4419 844 4470 bec
857 4419 881 4471 in
893 4419 984 4490 hyeme
998 4418 1031 4470 est
1045 4419 1116 4470 nimia
1129 4418 1221 4488 frigida
1234 4421 1258 4471 dr
1275 4418 1300 4472 in
1320 4419 1398 4472 estate
1418 4418 1492 4470 nimia
1510 4417 1600 4471 calida.
1621 4421 1700 4488 Super
1714 4431 1825 4472 montem

797 4499 884 4571 Synay
896 4500 998 4554 ecclesia
1016 4501 1050 4554 est
1067 4502 1148 4554 sancte
1168 4501 1318 4568 Katherine,
1338 4517 1414 4569 quam
1439 4498 1564 4551 honorant
1582 4498 1720 4552 Sarraceni.
1745 4499 1827 4568 Apud

797 4579 927 4649 Kayrum,
939 4579 982 4633 ubi
996 4581 1064 4634 sedes
1085 4582 1119 4634 est
1138 4582 1207 4651 regni
1227 4580 1334 4650 Egypti,
1351 4577 1394 4631 ubi
1412 4578 1467 4630 sunt
1484 4578 1577 4647 palme,
1595 4580 1619 4630 dr
1638 4577 1674 4631 ibi
1687 4578 1722 4631 est
1736 4579 1828 4649 palma,

797 4675 848 4728 que
860 4659 884 4711 se
896 4659 1022 4713 inclinavit
1033 4661 1067 4712 ad
1081 4661 1157 4732 pedet
1171 4661 1245 4713 beate
1259 4659 1352 4723 Mane,
1364 4659 1507 4726 frequenter
1519 4657 1566 4710 fuit
1587 4659 1671 4725 incisa,
1691 4659 1715 4711 dr
1732 4658 1829 4728 semper

797 4740 911 4807 recrevit,
923 4741 947 4793 dt
961 4741 1038 4792 modo
1050 4741 1178 4796 Sarraceni
1195 4757 1252 4796 eam
1272 4739 1345 4790 valde
1362 4737 1497 4790 honorant.
1521 4736 1561 4788 Ibi
1581 4754 1660 4808 prope
1680 4737 1735 4794 suat
1756 4738 1828 4794 vinee
