4336 6572
546 973 620 1068 73.
658 941 892 1034 Vincentius
914 940 1228 1071 Bellonncenfis.
1317 975 1399 1063 ¹07

379 1195 514 1267 lapidibuee
530 1215 541 1245 ι
555 1198 626 1256 Quot
638 1194 802 1248 obscondernt
813 1194 858 1247 sub
867 1210 940 1248 muro
948 1193 1061 1248 lutericio
1071 1213 1084 1243 n
1095 1194 1230 1260 (Hierem,
1238 1208 1317 1260 xnru,
1326 1212 1350 1262 7,
1361 1197 1400 1266 9).
1415 1221 1474 1272 1219

379 1275 484 1346 Egyptij
495 1292 554 1328 tero
570 1276 755 1328 honomnemnt
768 1273 931 1343 Prophetnm,
950 1273 1094 1344 sepelientes
1113 1290 1170 1326 eum
1191 1273 1260 1326 iuxta
1278 1275 1402 1330 tumulum

380 1373 477 1424 regum,
486 1371 611 1408 memores
622 1353 809 1420 beneficiorum,
816 1371 865 1423 que
874 1353 1010 1424 prestiterat
1021 1355 1138 1424 Egyptou
1151 1352 1265 1407 emtione
1281 1354 1347 1407 enim
1359 1355 1403 1408 suo

380 1435 511 1505 firgoverat
525 1433 613 1486 bestiae
629 1450 759 1503 aquarum,
770 1450 833 1502 quae
846 1431 984 1484 crocodilos
998 1432 1132 1503 xppellnnt.
1157 1431 1305 1485 Alexnnder
1318 1445 1404 1488 eutem

382 1512 495 1565 Macedo
514 1513 614 1567 venient
634 1514 667 1566 ad
689 1513 843 1582 sepulchrum
860 1513 990 1582 prophete,
1011 1513 1165 1582 cognoscem
1182 1511 1325 1580 myserium
1344 1512 1403 1581 lod,

381 1591 503 1645 transtulit
524 1591 548 1646 io
566 1591 760 1659 Alexandriam,
780 1591 942 1662 sepelivitque
959 1608 1016 1644 eum
1036 1591 1149 1661 gloriose.
1169 1591 1317 1644 Cmoodiloe
1337 1592 1404 1662 opud

381 1671 528 1726 namium
547 1671 693 1737 invenimur,
706 1674 730 1724 dt
741 1670 918 1724 interfecimus.
940 1671 984 1724 un
1001 1683 1085 1724 nutem
1102 1668 1178 1723 bellio
1189 1670 1304 1736 crudelis,
1323 1671 1405 1725 homi·

381 1767 438 1804 nem
459 1752 484 1803 δε
504 1752 614 1804 iumenta
638 1751 761 1804 derorum
782 1752 875 1820 opertis
895 1750 982 1815 oculis,
1015 1749 1067 1802 solo
1086 1749 1137 1803 visu
1158 1749 1264 1802 fovebat
1284 1767 1333 1804 ono
1353 1751 1404 1805 suo.

381 1828 477 1882 Exclusi
497 1830 557 1900 pulli
570 1830 651 1883 statim
663 1830 763 1900 fugiunt
776 1843 905 1900 parentem
917 1830 987 1882 suum
1001 1841 1122 1899 tunquam
1144 1828 1248 1895 hostem,
1268 1829 1404 1899 quondum

381 1926 471 1979 capere
492 1909 581 1978 potest,
606 1910 687 1963 stetim
701 1909 776 1979 glutit
792 1910 817 1962 dt
830 1910 943 1962 devoret.
955 1911 1056 1962 Etcum
1071 1919 1153 1962 cetera
1173 1907 1289 1960 animalia
1311 1909 1404 1962 molam

381 1987 521 2042 inferiorem
541 2001 668 2056 moveant,
688 1989 748 2042 illud
767 2001 870 2043 econtra
890 1989 1038 2059 superiorem
1060 1997 1153 2042 movet„
1174 1987 1257 2041 Dislnt
1275 1988 1404 2042 Thnnica

382 2067 502 2122 Dominto
518 2067 605 2122 itinere
617 2069 689 2122 unius
703 2069 753 2122 diei
766 2087 809 2140 per
821 2087 890 2121 more
901 2069 986 2122 versus
998 2080 1089 2121 terrem
1103 2067 1279 2138 promissionis,
1291 2079 1321 2121 ut
1332 2067 1404 2122 facile

383 2146 412 2199 sit
432 2147 464 2200 de
482 2148 560 2200 Acon
574 2149 613 2202 vel
628 2148 750 2202 Damiota
766 2165 810 2219 per
829 2149 934 2200 mare&
956 2159 1057 2213 terram,
1077 2148 1116 2202 vel
1137 2146 1252 2212 flurium,
1272 2147 1404 2216 presidium

383 2226 476 2280 ibidem
498 2245 592 2298 ponere
613 2227 651 2281 vel
670 2227 785 2282 ridlualio
808 2227 983 2280 transmittere.
1007 2230 1108 2280 Damna
1132 2228 1211 2280 multo
1225 2226 1307 2280 intulit
1330 2228 1405 2281 chris-

383 2304 456 2358 tinnie
468 2305 494 2358 in
506 2306 633 2359 obsidione
645 2305 773 2372 Daminte,
785 2306 888 2375 quando
903 2323 978 2359 nores
990 2306 1023 2359 nd
1037 2323 1082 2358 noe
1094 2305 1242 2359 accedente·
1254 2306 1293 2358 vel
1305 2324 1320 2358 n
1332 2305 1404 2360 nobis

383 2385 536 2450 recedenter,
548 2385 572 2436 ni
586 2397 718 2438 ventorum
734 2384 816 2440 delate
829 2385 885 2437 sunt
897 2384 964 2438 illuc.
986 2388 1053 2438 Nam
1067 2394 1126 2438 onte
1137 2385 1237 2438 Thonis
1249 2385 1318 2438 littue
1331 2385 1405 2438 morio

383 2464 514 2517 arenosum
527 2464 744 2535 &importuosum
766 2464 844 2518 smum
863 2463 923 2517 fucit
941 2464 1052 2534 emplum
1070 2465 1094 2516 dc
1112 2463 1200 2528 latum,
1219 2463 1245 2516 in
1261 2481 1314 2535 quo
1329 2481 1405 2518 never

383 2543 501 2597 deuolute
513 2543 563 2596 fine
574 2554 651 2597 vento
663 2543 770 2597 multum
783 2544 818 2596 eis
831 2554 974 2613 opportuno
987 2543 1102 2602 recedere
1115 2559 1166 2596 non
1178 2543 1269 2596 nolent.

345 2747 348 2752 -
432 2721 481 2786 92.
502 2705 551 2768 Dc
565 2705 636 2769 libro
649 2718 763 2789 recepto,
778 2706 807 2767 in
821 2728 872 2788 quo
882 2705 1008 2788 proditio
1021 2706 1059 2788 est
1071 2704 1210 2767 Daminte
1223 2706 1354 2790 ucyiotio,

770 2805 804 2865 ΕΞ
818 2803 935 2884 quedam
949 2802 1018 2864 ada.

200 2961 356 3021 Pseudo-he,
419 2953 491 3006 Ante
508 2952 651 3022 oeptionem
664 2953 782 3007 Domiate
798 2953 861 3007 liber
873 2953 945 3006 nobie
957 2953 1072 3024 apparuit
1084 2953 1184 3007 arabice
1200 2951 1313 3022 scriptur,
1333 2952 1405 3006 cuiue

169 3023 226 3086 ΠΨ·
237 3025 318 3082 ”ime
326 3023 370 3082 ¹1¹2
384 3033 473 3085 audior
486 3032 509 3086 se
521 3032 622 3086 iudeum
631 3033 671 3086 vel
681 3033 838 3087 christianum
851 3033 890 3087 vel
902 3035 1051 3086 Saracenum
1064 3032 1113 3086 effe
1122 3044 1208 3102 neget.
1223 3033 1253 3084 ln
1265 3049 1297 3084 eo
1312 3043 1405 3100 nutem,

251 3099 261 3132 ¹
267 3097 316 3144 ¹4¹¹
384 3111 494 3182 quisquis
504 3111 544 3164 ille
558 3111 640 3177 luerit,
653 3112 757 3183 predixit
772 3112 847 3176 mala,
858 3130 910 3182 que
925 3113 1055 3166 Solodinun
1068 3115 1162 3184 populo
1173 3111 1304 3166 christixno
1317 3111 1405 3164 crude·

383 3189 439 3243 liter
458 3191 540 3243 intulit
552 3191 578 3243 io
591 3191 755 3244 destructione
767 3191 965 3263 Tyberiadis,&
979 3192 1003 3244 in
1014 3192 1125 3259 motoria,
1136 3209 1212 3262 quam
1227 3191 1259 3243 de
1271 3189 1405 3244 christianis

384 3269 480 3336 hebuit,
502 3271 604 3340 quondo
617 3289 701 3340 regem
716 3272 868 3324 Hierusalem
881 3285 907 3326 nt
921 3271 1044 3343 principer
1057 3273 1170 3342 captivos
1182 3270 1263 3336 duxit,
1275 3269 1405 3339 ipsamque

385 3351 493 3403 sanilam
507 3349 633 3402 civitatem
649 3350 764 3420 possedit,
784 3350 938 3404 Ascalonem
953 3351 1106 3405 destruxit&
1120 3352 1250 3422 quomodo
1266 3349 1406 3402 conebotur

386 3431 489 3501 Tyrum
502 3430 696 3499 apprehendere,
716 3430 758 3482 sed
771 3447 821 3482 non
833 3431 947 3500 profecit,
966 3431 990 3481 dt
1006 3431 1053 3484 alin
1068 3431 1147 3484 multe
1159 3449 1208 3501 que
1225 3441 1329 3500 peccato
1341 3426 1405 3479 illiue

384 3509 505 3578 temporis
522 3519 672 3561 meruerunt.
695 3508 805 3561 Predixit
826 3507 901 3561 etium
923 3509 1112 3562 destruitionem
1126 3510 1257 3562 hortorum
1270 3505 1406 3576 &palmeti

385 3587 535 3640 Domintene
547 3587 665 3652 civitatis,
684 3605 760 3658 quoru
779 3587 868 3641 scilicet
881 3587 973 3640 stilum
985 3588 1101 3653 vidimus,
1122 3588 1224 3659 quando
1237 3587 1327 3640 librum
1339 3586 1406 3637 hunc

384 3684 429 3736 per
442 3667 588 3736 interpretes
604 3667 776 3720 intelleximus.
797 3667 907 3720 Addidit
928 3667 1003 3733 enim,
1018 3668 1163 3720 Drmintnm
1176 3685 1191 3720 a
1204 3665 1339 3720 chrislirnis
1352 3664 1406 3718 fore

385 3746 541 3816 capiendam,
563 3747 672 3799 saladini
692 3763 784 3799 nomen
801 3763 851 3799 non
864 3747 953 3817 posuit,
974 3747 1015 3800 sed
1027 3764 1072 3817 per
1086 3748 1170 3818 nigros
1182 3747 1267 3800 oculor
1280 3749 1305 3800 δι
1318 3761 1406 3798 crocea

386 3826 473 3879 vexillo
493 3825 572 3895 ipsum
594 3826 714 3896 designat.
737 3826 839 3896 Iosuper
860 3827 966 3897 predixit
986 3827 1113 3897 quendum
1141 3845 1226 3898 regem
1247 3825 1406 3880 christianum

385 3905 562 3959 Nubianorurn
581 3906 702 3959 Mechom
724 3904 849 3959 civitatem
870 3907 962 3959 debere
983 3907 1114 3974 destruere,
1136 3909 1161 3960 δι
1182 3905 1234 3960 osso
1248 3904 1407 3958 Mochometi

385 3984 599 4055 pseudoprophete
611 3985 715 4054 disperso
725 3985 846 4054 proicere,
854 3987 881 4038 du
894 3985 1004 4054 quedam
1017 3985 1065 4039 elin
1078 4004 1127 4054 que
1137 3986 1250 4039 nondum
1263 3995 1407 4049 evenerunt,

386 4063 437 4130 sed,
455 4063 611 4132 incompleta
623 4064 725 4130 fuerim,
743 4064 776 4116 nd
794 4064 971 4118 exultationem
990 4065 1179 4119 Christianitatis
1193 4063 1406 4135 &depressionem

387 4143 566 4211 Agnrenorum
585 4145 719 4196 evenirent.
753 4143 858 4209 scimur,
883 4144 1005 4212 quosdnm
1029 4145 1134 4214 gentileo
1155 4144 1268 4198 ethnicos
1295 4143 1406 4212 spiritum

387 4222 498 4275 sandlum
515 4221 541 4274 in
553 4240 597 4278 ore
614 4222 732 4285 habuisse,
754 4223 796 4277 sed
816 4240 867 4276 non
879 4224 904 4276 in
916 4223 1001 4288 corde,
1013 4226 1037 4276 δι
1051 4223 1183 4277 meniseslo
1193 4223 1226 4277 de
1240 4222 1339 4278 Christo
1350 4240 1408 4292 pro·

404 4302 504 4357 hetnfl'e.

205 4396 358 4455 Pseudo-Ine,
387 4321 403 4374 p
423 4382 576 4437 Corrodinnr
598 4383 706 4436 reversus
725 4382 751 4436 in
771 4382 920 4437 Palestinnm
934 4383 1076 4437 Cesariense
1092 4383 1199 4437 cnslrum
1212 4383 1318 4448 obsedit,
1338 4383 1407 4453 quod

175 4457 231 4516 ffifl·
242 4458 321 4516 orient,
330 4457 374 4516 ΠΙ»
387 4475 440 4515 erat
455 4462 481 4514 in
498 4462 609 4516 custodia
621 4463 696 4532 regis,
717 4479 748 4516 ac
763 4463 832 4516 brevi
851 4475 963 4533 tempore
984 4463 1050 4532 cepit
1066 4462 1163 4516 illud&
1177 4462 1302 4529 destruxit,
1322 4463 1408 4516 desen-

246 4533 312 4580 ¹¹⁴4
387 4542 483 4595 soribur
501 4543 573 4612 ipfiue
594 4542 749 4612 negligenter
767 4543 908 4612 agentibus,
930 4542 973 4612 qui
994 4555 1078 4595 umen
1099 4542 1150 4595 sere
1166 4559 1253 4594 omnes
1270 4540 1409 4606 eraserunt,

387 4622 446 4692 quio
460 4622 566 4675 liberum
584 4620 713 4676 introitum
726 4624 751 4675 dr
764 4624 856 4676 exitum
873 4623 1000 4676 hebebant
1013 4639 1057 4693 per
1069 4640 1146 4676 more.
1171 4624 1281 4676 Domum
1295 4621 1409 4692 procellit

387 4701 420 4755 od
433 4701 539 4754 onllmm
551 4700 593 4770 silij
606 4701 655 4756 Dei
667 4719 724 4756 cum
738 4712 794 4755 toto
814 4701 922 4757 exercitu
934 4704 989 4770 suo,
1009 4704 1034 4755 dt
1047 4700 1203 4757 confiderent
1219 4701 1279 4755 illud
1291 4703 1326 4754 ab
1338 4699 1409 4754 omni
