<?xml version="1.0" encoding="UTF-8"?>
<!DOCTYPE html PUBLIC "-//W3C//DTD XHTML 1.0 Transitional//EN"
    "http://www.w3.org/TR/xhtml1/DTD/xhtml1-transitional.dtd">
<html xmlns="http://www.w3.org/1999/xhtml" xml:lang="en" lang="en">
 <head>
  <title>
</title>
<meta http-equiv="Content-Type" content="text/html;charset=utf-8" />
  <meta name='ocr-system' content='tesseract 3.04.00' />
  <meta name='ocr-capabilities' content='ocr_page ocr_carea ocr_par ocr_line ocrx_word'/>
</head>
<body>
  <div class='ocr_page' id='page_1' title='image "./testimoniaminor01rhgoog_0134.png"; bbox 0 0 4336 6572; ppageno 0'>
   <div class='ocr_carea' id='block_1_1' title="bbox 792 966 1708 1100">
    <p class='ocr_par' dir='ltr' id='par_1_1' title="bbox 792 966 1708 1100">
     <span class='ocr_line' id='line_1_1' title="bbox 792 966 1708 1100; baseline -0.003 -40"><span class='ocrx_word' id='word_1_1' title='bbox 792 1000 845 1094; x_wconf 87' lang='lat'>54</span> <span class='ocrx_word' id='word_1_2' title='bbox 902 968 1142 1100; x_wconf 79' lang='lat' dir='ltr'>Testimonio</span> <span class='ocrx_word' id='word_1_3' title='bbox 1162 967 1204 1059; x_wconf 82' lang='lat' dir='ltr'>in</span> <span class='ocrx_word' id='word_1_4' title='bbox 1227 968 1388 1099; x_wconf 82' lang='lat' dir='ltr'>Magno</span> <span class='ocrx_word' id='word_1_5' title='bbox 1411 969 1515 1059; x_wconf 85' lang='lat' dir='ltr'>Brit.</span> <span class='ocrx_word' id='word_1_6' title='bbox 1528 966 1708 1092; x_wconf 79' lang='lat' dir='ltr'>scripto.</span> 
     </span>
    </p>
   </div>
   <div class='ocr_carea' id='block_1_2' title="bbox 777 1230 1882 2020">
    <p class='ocr_par' dir='ltr' id='par_1_2' title="bbox 777 1230 1882 2020">
     <span class='ocr_line' id='line_1_2' title="bbox 780 1230 1808 1313; baseline -0.003 -15"><span class='ocrx_word' id='word_1_7' title='bbox 780 1234 942 1312; x_wconf 85' lang='lat' dir='ltr'>christiani,</span> <span class='ocrx_word' id='word_1_8' title='bbox 960 1233 1091 1295; x_wconf 84' lang='lat' dir='ltr'>maxime</span> <span class='ocrx_word' id='word_1_9' title='bbox 1110 1230 1162 1294; x_wconf 85' lang='lat' dir='ltr'>fibi</span> <span class='ocrx_word' id='word_1_10' title='bbox 1175 1248 1236 1295; x_wconf 86' lang='lat' dir='ltr'>tam</span> <span class='ocrx_word' id='word_1_11' title='bbox 1246 1232 1468 1309; x_wconf 86' lang='lat' dir='ltr'>honorabilem,</span> <span class='ocrx_word' id='word_1_12' title='bbox 1479 1231 1691 1313; x_wconf 89' lang='lat' dir='ltr'>provocabunt</span> <span class='ocrx_word' id='word_1_13' title='bbox 1702 1232 1808 1295; x_wconf 91' lang='lat' dir='ltr'>Deum</span> 
     </span>
     <span class='ocr_line' id='line_1_3' title="bbox 779 1317 1808 1403; baseline -0.001 -18"><span class='ocrx_word' id='word_1_14' title='bbox 779 1323 907 1385; x_wconf 91' lang='lat' dir='ltr'>suumin</span> <span class='ocrx_word' id='word_1_15' title='bbox 919 1323 1025 1385; x_wconf 91' lang='lat' dir='ltr'>odium</span> <span class='ocrx_word' id='word_1_16' title='bbox 1036 1321 1077 1383; x_wconf 91' lang='lat' dir='ltr'>sui</span> <span class='ocrx_word' id='word_1_17' title='bbox 1090 1342 1144 1402; x_wconf 90' lang='lat' dir='ltr'>per</span> <span class='ocrx_word' id='word_1_18' title='bbox 1158 1320 1436 1402; x_wconf 86' lang='lat' dir='ltr'>concupiscentiam</span> <span class='ocrx_word' id='word_1_19' title='bbox 1450 1320 1597 1403; x_wconf 87' lang='lat' dir='ltr'>iniquam,</span> <span class='ocrx_word' id='word_1_20' title='bbox 1611 1320 1641 1382; x_wconf 77' lang='lat' dir='ltr'>dc</span> <span class='ocrx_word' id='word_1_21' title='bbox 1655 1317 1694 1384; x_wconf 84' lang='lat' dir='ltr'>stc</span> <span class='ocrx_word' id='word_1_22' title='bbox 1706 1320 1808 1403; x_wconf 90' lang='lat' dir='ltr'>super-</span> 
     </span>
     <span class='ocr_line' id='line_1_4' title="bbox 779 1409 1807 1492; baseline -0.001 -19"><span class='ocrx_word' id='word_1_23' title='bbox 779 1411 890 1473; x_wconf 89' lang='lat' dir='ltr'>borum</span> <span class='ocrx_word' id='word_1_24' title='bbox 900 1410 1075 1492; x_wconf 88' lang='lat' dir='ltr'>aspernator</span> <span class='ocrx_word' id='word_1_25' title='bbox 1083 1410 1120 1471; x_wconf 91' lang='lat' dir='ltr'>ab</span> <span class='ocrx_word' id='word_1_26' title='bbox 1130 1410 1173 1471; x_wconf 90' lang='lat' dir='ltr'>eis</span> <span class='ocrx_word' id='word_1_27' title='bbox 1188 1409 1544 1492; x_wconf 66' lang='lat' dir='ltr'>recedethabebuntque</span> <span class='ocrx_word' id='word_1_28' title='bbox 1552 1409 1807 1492; x_wconf 84' lang='lat' dir='ltr'>impugnatorem,</span> 
     </span>
     <span class='ocr_line' id='line_1_5' title="bbox 779 1494 1807 1582; baseline -0.001 -22"><span class='ocrx_word' id='word_1_29' title='bbox 779 1520 871 1582; x_wconf 89' lang='lat' dir='ltr'>quem</span> <span class='ocrx_word' id='word_1_30' title='bbox 885 1499 1057 1561; x_wconf 89' lang='lat' dir='ltr'>habuerunt</span> <span class='ocrx_word' id='word_1_31' title='bbox 1076 1498 1243 1580; x_wconf 91' lang='lat' dir='ltr'>propitium</span> <span class='ocrx_word' id='word_1_32' title='bbox 1261 1497 1450 1559; x_wconf 88' lang='lat' dir='ltr'>adiutorem!</span> <span class='ocrx_word' id='word_1_33' title='bbox 1472 1495 1514 1558; x_wconf 89' lang='lat' dir='ltr'>Et</span> <span class='ocrx_word' id='word_1_34' title='bbox 1535 1495 1607 1558; x_wconf 90' lang='lat' dir='ltr'>licet</span> <span class='ocrx_word' id='word_1_35' title='bbox 1624 1497 1685 1559; x_wconf 91' lang='lat' dir='ltr'>hoc</span> <span class='ocrx_word' id='word_1_36' title='bbox 1708 1494 1807 1559; x_wconf 85' lang='lat' dir='ltr'>confi·</span> 
     </span>
     <span class='ocr_line' id='line_1_6' title="bbox 778 1583 1808 1667; baseline -0.001 -19"><span class='ocrx_word' id='word_1_37' title='bbox 778 1587 854 1648; x_wconf 91' lang='lat' dir='ltr'>lium</span> <span class='ocrx_word' id='word_1_38' title='bbox 871 1585 975 1648; x_wconf 89' lang='lat' dir='ltr'>multis</span> <span class='ocrx_word' id='word_1_39' title='bbox 987 1585 1165 1667; x_wconf 82' lang='lat' dir='ltr'>displiceret,</span> <span class='ocrx_word' id='word_1_40' title='bbox 1179 1585 1268 1648; x_wconf 85' lang='lat' dir='ltr'>miffis</span> <span class='ocrx_word' id='word_1_41' title='bbox 1283 1600 1384 1646; x_wconf 87' lang='lat' dir='ltr'>tamen</span> <span class='ocrx_word' id='word_1_42' title='bbox 1392 1583 1683 1647; x_wconf 88' lang='lat' dir='ltr'>nuntiischristianis</span> <span class='ocrx_word' id='word_1_43' title='bbox 1694 1585 1808 1647; x_wconf 93' lang='lat' dir='ltr'>obtulit</span> 
     </span>
     <span class='ocr_line' id='line_1_7' title="bbox 777 1672 1806 1756; baseline -0.001 -20"><span class='ocrx_word' id='word_1_44' title='bbox 777 1695 881 1737; x_wconf 88' lang='lat' dir='ltr'>veram</span> <span class='ocrx_word' id='word_1_45' title='bbox 896 1694 1097 1756; x_wconf 73' lang='lat' dir='ltr'>crucemque</span> <span class='ocrx_word' id='word_1_46' title='bbox 1112 1672 1187 1735; x_wconf 89' lang='lat' dir='ltr'>olim</span> <span class='ocrx_word' id='word_1_47' title='bbox 1202 1692 1219 1732; x_wconf 90' lang='lat' dir='ltr'>a</span> <span class='ocrx_word' id='word_1_48' title='bbox 1233 1673 1413 1734; x_wconf 88' lang='lat' dir='ltr'>Salahadino</span> <span class='ocrx_word' id='word_1_49' title='bbox 1428 1691 1516 1755; x_wconf 86' lang='lat' dir='ltr'>capta</span> <span class='ocrx_word' id='word_1_50' title='bbox 1530 1674 1637 1752; x_wconf 84' lang='lat' dir='ltr'>suerat,</span> <span class='ocrx_word' id='word_1_51' title='bbox 1651 1694 1721 1735; x_wconf 92' lang='lat' dir='ltr'>cum</span> <span class='ocrx_word' id='word_1_52' title='bbox 1733 1694 1806 1754; x_wconf 90' lang='lat' dir='ltr'>cap-</span> 
     </span>
     <span class='ocr_line' id='line_1_8' title="bbox 778 1760 1805 1844; baseline -0.001 -20"><span class='ocrx_word' id='word_1_53' title='bbox 778 1764 847 1824; x_wconf 93' lang='lat' dir='ltr'>tivis</span> <span class='ocrx_word' id='word_1_54' title='bbox 871 1762 1013 1824; x_wconf 90' lang='lat' dir='ltr'>omnibus</span> <span class='ocrx_word' id='word_1_55' title='bbox 1034 1762 1086 1844; x_wconf 91' lang='lat' dir='ltr'>qui</span> <span class='ocrx_word' id='word_1_56' title='bbox 1112 1783 1166 1842; x_wconf 90' lang='lat' dir='ltr'>per</span> <span class='ocrx_word' id='word_1_57' title='bbox 1187 1781 1315 1843; x_wconf 83' lang='lat' dir='ltr'>regnum</span> <span class='ocrx_word' id='word_1_58' title='bbox 1337 1760 1500 1843; x_wconf 89' lang='lat' dir='ltr'>Babylonis</span> <span class='ocrx_word' id='word_1_59' title='bbox 1527 1761 1721 1824; x_wconf 86' lang='lat' dir='ltr'>&amp;Damasci</span> <span class='ocrx_word' id='word_1_60' title='bbox 1744 1762 1805 1823; x_wconf 92' lang='lat' dir='ltr'>vivi</span> 
     </span>
     <span class='ocr_line' id='line_1_9' title="bbox 777 1846 1805 1933; baseline 0 -21"><span class='ocrx_word' id='word_1_61' title='bbox 777 1866 918 1933; x_wconf 89' lang='lat' dir='ltr'>poterant</span> <span class='ocrx_word' id='word_1_62' title='bbox 941 1850 1075 1931; x_wconf 89' lang='lat' dir='ltr'>reperiri,</span> <span class='ocrx_word' id='word_1_63' title='bbox 1096 1870 1167 1910; x_wconf 87' lang='lat' dir='ltr'>curn</span> <span class='ocrx_word' id='word_1_64' title='bbox 1182 1848 1348 1930; x_wconf 89' lang='lat' dir='ltr'>sumptibus</span> <span class='ocrx_word' id='word_1_65' title='bbox 1369 1846 1538 1912; x_wconf 83' lang='lat' dir='ltr'>necessariis</span> <span class='ocrx_word' id='word_1_66' title='bbox 1561 1849 1597 1911; x_wconf 90' lang='lat' dir='ltr'>ad</span> <span class='ocrx_word' id='word_1_67' title='bbox 1621 1851 1805 1931; x_wconf 89' lang='lat' dir='ltr'>reparandos</span> 
     </span>
     <span class='ocr_line' id='line_1_10' title="bbox 777 1937 1882 2020; baseline 0.004 -21"><span class='ocrx_word' id='word_1_68' title='bbox 777 1959 878 2003; x_wconf 89' lang='lat' dir='ltr'>muros</span> <span class='ocrx_word' id='word_1_69' title='bbox 900 1937 1088 2000; x_wconf 88' lang='lat' dir='ltr'>Hierusalem</span> <span class='ocrx_word' id='word_1_70' title='bbox 1113 1937 1143 1999; x_wconf 76' lang='grc' dir='ltr'>δι</span> <span class='ocrx_word' id='word_1_71' title='bbox 1167 1937 1324 2000; x_wconf 88' lang='lat' dir='ltr'>civitatem</span> <span class='ocrx_word' id='word_1_72' title='bbox 1347 1938 1378 1998; x_wconf 93' lang='lat' dir='ltr'>in</span> <span class='ocrx_word' id='word_1_73' title='bbox 1399 1939 1506 2000; x_wconf 85' lang='lat' dir='ltr'>statum</span> <span class='ocrx_word' id='word_1_74' title='bbox 1532 1937 1690 2020; x_wconf 87' lang='lat' dir='ltr'>pristinum</span> <span class='ocrx_word' id='word_1_75' title='bbox 1716 1937 1806 2000; x_wconf 88' lang='lat' dir='ltr'>redu·</span> <span class='ocrx_word' id='word_1_76' title='bbox 1821 1975 1842 2020; x_wconf 74' lang='lat' dir='ltr'>p.</span> <span class='ocrx_word' id='word_1_77' title='bbox 1853 1957 1882 2020; x_wconf 82' lang='lat'>58</span> 
     </span>
    </p>
   </div>
   <div class='ocr_carea' id='block_1_3' title="bbox 776 2027 915 2090">
    <p class='ocr_par' dir='ltr' id='par_1_3' title="bbox 776 2027 915 2090">
     <span class='ocr_line' id='line_1_11' title="bbox 776 2027 915 2090; baseline 0.007 -1"><span class='ocrx_word' id='word_1_78' title='bbox 776 2027 915 2090; x_wconf 91' lang='lat' dir='ltr'>cendam.</span> 
     </span>
    </p>
   </div>
   <div class='ocr_carea' id='block_1_4' title="bbox 892 2290 1611 2555">
    <p class='ocr_par' dir='ltr' id='par_1_4' title="bbox 892 2290 1611 2555">
     <span class='ocr_line' id='line_1_12' title="bbox 892 2290 1611 2372; baseline 0.007 -29"><span class='ocrx_word' id='word_1_79' title='bbox 892 2346 900 2356; x_wconf 55' lang='grc'><strong>,</strong></span> <span class='ocrx_word' id='word_1_80' title='bbox 995 2291 1049 2372; x_wconf 77' lang='lat'>39</span> <span class='ocrx_word' id='word_1_81' title='bbox 1079 2291 1312 2347; x_wconf 81' lang='lat' dir='ltr'>MATTHAEUS</span> <span class='ocrx_word' id='word_1_82' title='bbox 1336 2294 1448 2348; x_wconf 89' lang='lat' dir='ltr'>PARIS</span> <span class='ocrx_word' id='word_1_83' title='bbox 1467 2290 1611 2370; x_wconf 79' lang='lat'>(†1259)‚</span> 
     </span>
     <span class='ocr_line' id='line_1_13' title="bbox 1084 2462 1504 2555; baseline 0.007 -26"><span class='ocrx_word' id='word_1_84' title='bbox 1084 2462 1222 2550; x_wconf 81' lang='lat' dir='ltr'>Historia</span> <span class='ocrx_word' id='word_1_85' title='bbox 1245 2465 1344 2531; x_wconf 80' lang='lat' dir='ltr'>maior</span> <span class='ocrx_word' id='word_1_86' title='bbox 1367 2463 1504 2555; x_wconf 80' lang='lat' dir='ltr'>osnglioe.</span> 
     </span>
    </p>
   </div>
   <div class='ocr_carea' id='block_1_5' title="bbox 1006 2643 1564 2821">
    <p class='ocr_par' dir='ltr' id='par_1_5' title="bbox 1006 2643 1564 2821">
     <span class='ocr_line' id='line_1_14' title="bbox 1006 2643 1564 2718; baseline 0.011 -22"><span class='ocrx_word' id='word_1_87' title='bbox 1006 2643 1067 2714; x_wconf 88' lang='lat' dir='ltr'>[Ed.</span> <span class='ocrx_word' id='word_1_88' title='bbox 1081 2644 1207 2710; x_wconf 80' lang='lat' dir='ltr'>Madden,</span> <span class='ocrx_word' id='word_1_89' title='bbox 1220 2644 1339 2715; x_wconf 88' lang='lat' dir='ltr'>Londini,</span> <span class='ocrx_word' id='word_1_90' title='bbox 1356 2651 1432 2712; x_wconf 87' lang='lat'>1879,</span> <span class='ocrx_word' id='word_1_91' title='bbox 1444 2647 1507 2714; x_wconf 90' lang='lat' dir='ltr'>in·8‚</span> <span class='ocrx_word' id='word_1_92' title='bbox 1520 2647 1564 2718; x_wconf 86' lang='lat' dir='ltr'>V.]</span> 
     </span>
     <span class='ocr_line' id='line_1_15' title="bbox 1277 2777 1297 2821; baseline 0 0"><span class='ocrx_word' id='word_1_93' title='bbox 1277 2777 1297 2821; x_wconf 61' lang='lat'>3</span> 
     </span>
    </p>
   </div>
   <div class='ocr_carea' id='block_1_6' title="bbox 1005 2921 1573 2991">
    <p class='ocr_par' dir='ltr' id='par_1_6' title="bbox 1005 2921 1573 2991">
     <span class='ocr_line' id='line_1_16' title="bbox 1005 2921 1573 2991; baseline 0.012 -22"><span class='ocrx_word' id='word_1_94' title='bbox 1005 2921 1113 2987; x_wconf 80' lang='lat' dir='ltr'>[Sequitur</span> <span class='ocrx_word' id='word_1_95' title='bbox 1123 2923 1155 2970; x_wconf 85' lang='lat' dir='ltr'>ad</span> <span class='ocrx_word' id='word_1_96' title='bbox 1161 2923 1251 2973; x_wconf 67' lang='lat' dir='ltr'>verbum</span> <span class='ocrx_word' id='word_1_97' title='bbox 1262 2926 1375 2989; x_wconf 58' lang='grc' dir='ltr'>Καρνίνη</span> <span class='ocrx_word' id='word_1_98' title='bbox 1386 2926 1411 2973; x_wconf 78' lang='lat' dir='ltr'>de</span> <span class='ocrx_word' id='word_1_99' title='bbox 1425 2927 1573 2991; x_wconf 79' lang='lat' dir='ltr'>Wendower.]</span> 
     </span>
    </p>
   </div>
   <div class='ocr_carea' id='block_1_7' title="bbox 772 3073 1893 3608">
    <p class='ocr_par' dir='ltr' id='par_1_7' title="bbox 772 3073 1893 3608">
     <span class='ocr_line' id='line_1_17' title="bbox 816 3073 1893 3165; baseline 0.011 -31"><span class='ocrx_word' id='word_1_100' title='bbox 816 3090 899 3156; x_wconf 83' lang='lat'>1253.</span> <span class='ocrx_word' id='word_1_101' title='bbox 910 3073 993 3136; x_wconf 92' lang='lat' dir='ltr'>Huic</span> <span class='ocrx_word' id='word_1_102' title='bbox 1001 3075 1211 3139; x_wconf 80' lang='lat' dir='ltr'>consimillima</span> <span class='ocrx_word' id='word_1_103' title='bbox 1221 3078 1308 3160; x_wconf 87' lang='lat' dir='ltr'>pestis</span> <span class='ocrx_word' id='word_1_104' title='bbox 1317 3079 1378 3139; x_wconf 90' lang='lat' dir='ltr'>iam</span> <span class='ocrx_word' id='word_1_105' title='bbox 1390 3080 1589 3163; x_wconf 82' lang='lat' dir='ltr'>quadraginta</span> <span class='ocrx_word' id='word_1_106' title='bbox 1597 3082 1683 3144; x_wconf 86' lang='lat' dir='ltr'>annis</span> <span class='ocrx_word' id='word_1_107' title='bbox 1694 3081 1801 3165; x_wconf 81' lang='lat' dir='ltr'>elapsis</span> <span class='ocrx_word' id='word_1_108' title='bbox 1816 3117 1836 3162; x_wconf 80' lang='lat' dir='ltr'>p.</span> <span class='ocrx_word' id='word_1_109' title='bbox 1850 3101 1893 3160; x_wconf 83' lang='lat'>387</span> 
     </span>
     <span class='ocr_line' id='line_1_18' title="bbox 773 3162 1802 3250; baseline 0.013 -28"><span class='ocrx_word' id='word_1_110' title='bbox 773 3163 911 3245; x_wconf 85' lang='lat' dir='ltr'>contigit,</span> <span class='ocrx_word' id='word_1_111' title='bbox 919 3162 956 3224; x_wconf 93' lang='lat' dir='ltr'>de</span> <span class='ocrx_word' id='word_1_112' title='bbox 965 3163 1098 3246; x_wconf 89' lang='lat' dir='ltr'>quodam</span> <span class='ocrx_word' id='word_1_113' title='bbox 1110 3165 1304 3247; x_wconf 85' lang='lat' dir='ltr'>Templario,</span> <span class='ocrx_word' id='word_1_114' title='bbox 1313 3188 1368 3248; x_wconf 92' lang='lat' dir='ltr'>pro</span> <span class='ocrx_word' id='word_1_115' title='bbox 1384 3189 1445 3230; x_wconf 92' lang='lat' dir='ltr'>uno</span> <span class='ocrx_word' id='word_1_116' title='bbox 1457 3190 1537 3250; x_wconf 90' lang='lat' dir='ltr'>equo</span> <span class='ocrx_word' id='word_1_117' title='bbox 1549 3169 1736 3232; x_wconf 76' lang='lat' dir='ltr'>desiderabili</span> <span class='ocrx_word' id='word_1_118' title='bbox 1748 3169 1802 3235; x_wconf 81' lang='lat' dir='ltr'>sibi</span> 
     </span>
     <span class='ocr_line' id='line_1_19' title="bbox 773 3247 1800 3336; baseline 0.015 -29"><span class='ocrx_word' id='word_1_119' title='bbox 773 3247 922 3312; x_wconf 89' lang='lat' dir='ltr'>violenter</span> <span class='ocrx_word' id='word_1_120' title='bbox 931 3250 1042 3331; x_wconf 91' lang='lat' dir='ltr'>ablato,</span> <span class='ocrx_word' id='word_1_121' title='bbox 1051 3253 1248 3334; x_wconf 85' lang='lat' dir='ltr'>transfugium</span> <span class='ocrx_word' id='word_1_122' title='bbox 1257 3255 1294 3315; x_wconf 89' lang='lat' dir='ltr'>ad</span> <span class='ocrx_word' id='word_1_123' title='bbox 1304 3253 1467 3318; x_wconf 89' lang='lat' dir='ltr'>Saracenos</span> <span class='ocrx_word' id='word_1_124' title='bbox 1478 3256 1618 3336; x_wconf 89' lang='lat' dir='ltr'>faciente,</span> <span class='ocrx_word' id='word_1_125' title='bbox 1626 3260 1675 3320; x_wconf 92' lang='lat' dir='ltr'>cui</span> <span class='ocrx_word' id='word_1_126' title='bbox 1687 3281 1800 3323; x_wconf 90' lang='lat' dir='ltr'>nomen</span> 
     </span>
     <span class='ocr_line' id='line_1_20' title="bbox 772 3334 1803 3431; baseline 0.013 -33"><span class='ocrx_word' id='word_1_127' title='bbox 772 3334 955 3418; x_wconf 88' lang='lat' dir='ltr'>Ferrandus,</span> <span class='ocrx_word' id='word_1_128' title='bbox 970 3341 1002 3402; x_wconf 96' lang='lat' dir='ltr'>in</span> <span class='ocrx_word' id='word_1_129' title='bbox 1021 3343 1113 3404; x_wconf 88' lang='lat' dir='ltr'>armis</span> <span class='ocrx_word' id='word_1_130' title='bbox 1135 3343 1270 3404; x_wconf 87' lang='lat' dir='ltr'>strenuus</span> <span class='ocrx_word' id='word_1_131' title='bbox 1291 3343 1320 3405; x_wconf 79' lang='grc' dir='ltr'>δι</span> <span class='ocrx_word' id='word_1_132' title='bbox 1341 3343 1466 3406; x_wconf 75' lang='lat' dir='ltr'>consilio</span> <span class='ocrx_word' id='word_1_133' title='bbox 1486 3345 1730 3429; x_wconf 70' lang='lat' dir='ltr'>circumspectus,</span> <span class='ocrx_word' id='word_1_134' title='bbox 1749 3370 1803 3431; x_wconf 89' lang='lat' dir='ltr'>per</span> 
     </span>
     <span class='ocr_line' id='line_1_21' title="bbox 772 3429 1802 3512; baseline 0.014 -26"><span class='ocrx_word' id='word_1_135' title='bbox 772 3447 865 3507; x_wconf 92' lang='lat' dir='ltr'>quem</span> <span class='ocrx_word' id='word_1_136' title='bbox 879 3431 978 3510; x_wconf 92' lang='lat' dir='ltr'>primo</span> <span class='ocrx_word' id='word_1_137' title='bbox 1001 3429 1177 3494; x_wconf 89' lang='lat' dir='ltr'>Damiatam</span> <span class='ocrx_word' id='word_1_138' title='bbox 1197 3432 1367 3512; x_wconf 90' lang='lat' dir='ltr'>amiserunt,</span> <span class='ocrx_word' id='word_1_139' title='bbox 1385 3433 1433 3495; x_wconf 89' lang='lat' dir='ltr'>sed</span> <span class='ocrx_word' id='word_1_140' title='bbox 1453 3433 1483 3495; x_wconf 76' lang='grc' dir='ltr'>δι</span> <span class='ocrx_word' id='word_1_141' title='bbox 1504 3456 1629 3496; x_wconf 89' lang='lat' dir='ltr'>omnem</span> <span class='ocrx_word' id='word_1_142' title='bbox 1649 3437 1802 3499; x_wconf 87' lang='lat' dir='ltr'>honorem</span> 
     </span>
     <span class='ocr_line' id='line_1_22' title="bbox 772 3514 1802 3608; baseline 0.014 -34"><span class='ocrx_word' id='word_1_143' title='bbox 772 3514 934 3579; x_wconf 88' lang='lat' dir='ltr'>infeliciter</span> <span class='ocrx_word' id='word_1_144' title='bbox 952 3519 1118 3582; x_wconf 88' lang='lat' dir='ltr'>christiani:</span> <span class='ocrx_word' id='word_1_145' title='bbox 1134 3521 1181 3583; x_wconf 90' lang='lat' dir='ltr'>sed</span> <span class='ocrx_word' id='word_1_146' title='bbox 1198 3525 1321 3585; x_wconf 91' lang='lat' dir='ltr'>tandem</span> <span class='ocrx_word' id='word_1_147' title='bbox 1335 3545 1408 3586; x_wconf 92' lang='lat' dir='ltr'>cum</span> <span class='ocrx_word' id='word_1_148' title='bbox 1421 3523 1615 3587; x_wconf 82' lang='lat' dir='ltr'>submersioni</span> <span class='ocrx_word' id='word_1_149' title='bbox 1631 3524 1802 3608; x_wconf 86' lang='lat' dir='ltr'>patuissent,</span> 
     </span>
    </p>
   </div>
   <div class='ocr_carea' id='block_1_8' title="bbox 771 3606 1801 3776">
    <p class='ocr_par' dir='ltr' id='par_1_8' title="bbox 771 3606 1801 3776">
     <span class='ocr_line' id='line_1_23' title="bbox 772 3606 1801 3697; baseline 0.016 -34"><span class='ocrx_word' id='word_1_150' title='bbox 772 3606 937 3668; x_wconf 87' lang='lat' dir='ltr'>commotis</span> <span class='ocrx_word' id='word_1_151' title='bbox 951 3607 1122 3689; x_wconf 85' lang='lat' dir='ltr'>visceribus,</span> <span class='ocrx_word' id='word_1_152' title='bbox 1132 3633 1171 3673; x_wconf 87' lang='lat' dir='ltr'>ne</span> <span class='ocrx_word' id='word_1_153' title='bbox 1186 3610 1277 3694; x_wconf 92' lang='lat' dir='ltr'>culpa</span> <span class='ocrx_word' id='word_1_154' title='bbox 1291 3614 1380 3676; x_wconf 86' lang='lat' dir='ltr'>unius</span> <span class='ocrx_word' id='word_1_155' title='bbox 1395 3615 1425 3675; x_wconf 91' lang='lat' dir='ltr'>in</span> <span class='ocrx_word' id='word_1_156' title='bbox 1441 3629 1487 3676; x_wconf 93' lang='lat' dir='ltr'>tot</span> <span class='ocrx_word' id='word_1_157' title='bbox 1500 3613 1596 3678; x_wconf 90' lang='lat' dir='ltr'>millia</span> <span class='ocrx_word' id='word_1_158' title='bbox 1607 3616 1801 3697; x_wconf 86' lang='lat' dir='ltr'>redundaret,</span> 
     </span>
     <span class='ocr_line' id='line_1_24' title="bbox 771 3687 1070 3776; baseline 0.027 -25"><span class='ocrx_word' id='word_1_159' title='bbox 771 3687 908 3755; x_wconf 87' lang='lat' dir='ltr'>subvenit</span> <span class='ocrx_word' id='word_1_160' title='bbox 923 3695 1070 3776; x_wconf 90' lang='lat' dir='ltr'>perituris.</span> 
     </span>
    </p>
   </div>
   <div class='ocr_carea' id='block_1_9' title="bbox 1054 3960 1518 4038">
    <p class='ocr_par' dir='ltr' id='par_1_9' title="bbox 1054 3960 1518 4038">
     <span class='ocr_line' id='line_1_25' title="bbox 1054 3960 1518 4038; baseline 0.006 -27"><span class='ocrx_word' id='word_1_161' title='bbox 1054 3964 1112 4038; x_wconf 92' lang='lat'>40.</span> <span class='ocrx_word' id='word_1_162' title='bbox 1140 3960 1518 4036; x_wconf 72' lang='lat' dir='ltr'>narramusrnn1s‚</span> 
     </span>
    </p>
   </div>
   <div class='ocr_carea' id='block_1_10' title="bbox 1063 4120 1518 4215">
    <p class='ocr_par' dir='ltr' id='par_1_10' title="bbox 1063 4120 1518 4215">
     <span class='ocr_line' id='line_1_26' title="bbox 1063 4120 1518 4215; baseline 0.013 -29"><span class='ocrx_word' id='word_1_163' title='bbox 1063 4120 1200 4208; x_wconf 80' lang='lat' dir='ltr'>Historia</span> <span class='ocrx_word' id='word_1_164' title='bbox 1220 4127 1319 4190; x_wconf 85' lang='lat' dir='ltr'>minor</span> <span class='ocrx_word' id='word_1_165' title='bbox 1336 4123 1518 4215; x_wconf 78' lang='lat' dir='ltr'>osnglorum.</span> 
     </span>
    </p>
   </div>
   <div class='ocr_carea' id='block_1_11' title="bbox 923 4301 1648 4486">
    <p class='ocr_par' dir='ltr' id='par_1_11' title="bbox 923 4301 1648 4486">
     <span class='ocr_line' id='line_1_27' title="bbox 923 4301 1648 4379; baseline 0.012 -27"><span class='ocrx_word' id='word_1_166' title='bbox 923 4301 982 4368; x_wconf 89' lang='lat' dir='ltr'>[Ed.</span> <span class='ocrx_word' id='word_1_167' title='bbox 999 4301 1123 4368; x_wconf 87' lang='lat' dir='ltr'>Madden‚</span> <span class='ocrx_word' id='word_1_168' title='bbox 1138 4303 1231 4368; x_wconf 86' lang='lat' dir='ltr'>Lond,</span> <span class='ocrx_word' id='word_1_169' title='bbox 1246 4307 1323 4369; x_wconf 84' lang='lat'><strong>18⁶6,</strong></span> <span class='ocrx_word' id='word_1_170' title='bbox 1335 4302 1397 4368; x_wconf 65' lang='grc' dir='ltr'><strong>ἱππ-8,</strong></span> <span class='ocrx_word' id='word_1_171' title='bbox 1412 4306 1445 4370; x_wconf 89' lang='lat'>11,</span> <span class='ocrx_word' id='word_1_172' title='bbox 1457 4322 1484 4375; x_wconf 87' lang='lat' dir='ltr'>p.</span> <span class='ocrx_word' id='word_1_173' title='bbox 1499 4324 1550 4369; x_wconf 79' lang='lat'>227</span> <span class='ocrx_word' id='word_1_174' title='bbox 1564 4308 1648 4379; x_wconf 85' lang='lat' dir='ltr'>seqq.]</span> 
     </span>
     <span class='ocr_line' id='line_1_28' title="bbox 1276 4443 1295 4486; baseline 0 0"><span class='ocrx_word' id='word_1_175' title='bbox 1276 4443 1295 4486; x_wconf 75' lang='lat'><strong>*</strong></span> 
     </span>
    </p>
   </div>
   <div class='ocr_carea' id='block_1_12' title="bbox 772 4603 1793 4678">
    <p class='ocr_par' dir='ltr' id='par_1_12' title="bbox 772 4603 1793 4678">
     <span class='ocr_line' id='line_1_29' title="bbox 772 4603 1793 4678; baseline 0.01 -22"><span class='ocrx_word' id='word_1_176' title='bbox 772 4610 846 4673; x_wconf 76' lang='lat' dir='ltr'>[infra</span> <span class='ocrx_word' id='word_1_177' title='bbox 848 4610 953 4675; x_wconf 81' lang='lat' dir='ltr'>sequitur,</span> <span class='ocrx_word' id='word_1_178' title='bbox 961 4609 1046 4657; x_wconf 77' lang='lat' dir='ltr'>brevius</span> <span class='ocrx_word' id='word_1_179' title='bbox 1054 4627 1117 4674; x_wconf 84' lang='lat' dir='ltr'>quam</span> <span class='ocrx_word' id='word_1_180' title='bbox 1125 4611 1147 4656; x_wconf 84' lang='lat' dir='ltr'>in</span> <span class='ocrx_word' id='word_1_181' title='bbox 1155 4611 1253 4658; x_wconf 73' lang='lat' dir='ltr'>chronicis</span> <span class='ocrx_word' id='word_1_182' title='bbox 1260 4603 1381 4669; x_wconf 65' lang='lat' dir='ltr'>maioribus,</span> <span class='ocrx_word' id='word_1_183' title='bbox 1389 4611 1476 4676; x_wconf 71' lang='lat' dir='ltr'>Rogerii</span> <span class='ocrx_word' id='word_1_184' title='bbox 1484 4612 1509 4660; x_wconf 82' lang='lat' dir='ltr'>de</span> <span class='ocrx_word' id='word_1_185' title='bbox 1518 4613 1645 4662; x_wconf 78' lang='lat' dir='ltr'>Wndower</span> <span class='ocrx_word' id='word_1_186' title='bbox 1654 4618 1729 4665; x_wconf 80' lang='lat' dir='ltr'>Floret</span> <span class='ocrx_word' id='word_1_187' title='bbox 1737 4619 1793 4678; x_wconf 84' lang='lat' dir='ltr'>(lv,</span> 
     </span>
    </p>
   </div>
   <div class='ocr_carea' id='block_1_13' title="bbox 773 4683 1795 4826">
    <p class='ocr_par' dir='ltr' id='par_1_13' title="bbox 773 4683 1795 4826">
     <span class='ocr_line' id='line_1_30' title="bbox 773 4683 1795 4754; baseline 0.022 -40"><span class='ocrx_word' id='word_1_188' title='bbox 773 4684 809 4746; x_wconf 71' lang='lat'>3⁶2</span> <span class='ocrx_word' id='word_1_189' title='bbox 822 4684 901 4744; x_wconf 54' lang='lat'>3343,</span> <span class='ocrx_word' id='word_1_190' title='bbox 911 4685 994 4744; x_wconf 48' lang='lat'>4449,</span> <span class='ocrx_word' id='word_1_191' title='bbox 1009 4683 1091 4745; x_wconf 74' lang='lat'>56.61‚</span> <span class='ocrx_word' id='word_1_192' title='bbox 1106 4684 1205 4744; x_wconf 81' lang='lat'>75-76)‚·</span> <span class='ocrx_word' id='word_1_193' title='bbox 1216 4698 1264 4745; x_wconf 80' lang='lat' dir='ltr'>quae</span> <span class='ocrx_word' id='word_1_194' title='bbox 1274 4699 1328 4729; x_wconf 81' lang='lat' dir='ltr'>vero</span> <span class='ocrx_word' id='word_1_195' title='bbox 1338 4683 1366 4728; x_wconf 86' lang='lat' dir='ltr'>ab</span> <span class='ocrx_word' id='word_1_196' title='bbox 1378 4685 1411 4729; x_wconf 86' lang='lat' dir='ltr'>illo</span> <span class='ocrx_word' id='word_1_197' title='bbox 1416 4683 1478 4745; x_wconf 82' lang='lat' dir='ltr'>fonte</span> <span class='ocrx_word' id='word_1_198' title='bbox 1485 4686 1534 4748; x_wconf 80' lang='lat' dir='ltr'>plut</span> <span class='ocrx_word' id='word_1_199' title='bbox 1544 4699 1583 4732; x_wconf 84' lang='lat' dir='ltr'>aut</span> <span class='ocrx_word' id='word_1_200' title='bbox 1593 4689 1659 4734; x_wconf 77' lang='lat' dir='ltr'>minus</span> <span class='ocrx_word' id='word_1_201' title='bbox 1668 4687 1795 4754; x_wconf 72' lang='lat' dir='ltr'>discrepant,</span> 
     </span>
     <span class='ocr_line' id='line_1_31' title="bbox 1021 4751 1462 4826; baseline 0.005 -27"><span class='ocrx_word' id='word_1_202' title='bbox 1021 4805 1029 4826; x_wconf 57' lang='lat'><strong>·</strong></span> <span class='ocrx_word' id='word_1_203' title='bbox 1126 4755 1162 4800; x_wconf 74' lang='lat' dir='ltr'>hoc</span> <span class='ocrx_word' id='word_1_204' title='bbox 1172 4755 1214 4800; x_wconf 81' lang='lat' dir='ltr'>Ioco</span> <span class='ocrx_word' id='word_1_205' title='bbox 1224 4755 1277 4819; x_wconf 53' lang='lat' dir='ltr'>opis</span> <span class='ocrx_word' id='word_1_206' title='bbox 1286 4753 1389 4802; x_wconf 67' lang='lat' dir='ltr'>mandam</span> <span class='ocrx_word' id='word_1_207' title='bbox 1398 4751 1462 4821; x_wconf 74' lang='lat' dir='ltr'>[unt]</span> 
     </span>
    </p>
   </div>
   <div class='ocr_carea' id='block_1_14' title="bbox 0 0 2172 6571">
    <p class='ocr_par' dir='ltr' id='par_1_14' title="bbox 0 0 2172 6571">
     <span class='ocr_line' id='line_1_32' title="bbox 0 0 2172 6571; baseline 0 0"><span class='ocrx_word' id='word_1_208' title='bbox 0 0 2172 6571; x_wconf 95' lang='lat' dir='ltr'> </span> 
     </span>
    </p>
   </div>
  </div>
 </body>
</html>
