<?xml version="1.0" encoding="UTF-8"?>
<!DOCTYPE html PUBLIC "-//W3C//DTD XHTML 1.0 Transitional//EN"
    "http://www.w3.org/TR/xhtml1/DTD/xhtml1-transitional.dtd">
<html xmlns="http://www.w3.org/1999/xhtml" xml:lang="en" lang="en">
 <head>
  <title>
</title>
<meta http-equiv="Content-Type" content="text/html;charset=utf-8" />
  <meta name='ocr-system' content='tesseract 3.04.00' />
  <meta name='ocr-capabilities' content='ocr_page ocr_carea ocr_par ocr_line ocrx_word'/>
</head>
<body>
  <div class='ocr_page' id='page_1' title='image "./testimoniaminor01rhgoog_0169.png"; bbox 0 0 4336 6572; ppageno 0'>
   <div class='ocr_carea' id='block_1_1' title="bbox 568 1012 1401 1148">
    <p class='ocr_par' dir='ltr' id='par_1_1' title="bbox 568 1012 1401 1148">
     <span class='ocr_line' id='line_1_1' title="bbox 568 1012 1401 1148; baseline 0.013 -44"><span class='ocrx_word' id='word_1_1' title='bbox 568 1012 639 1130; x_wconf 89' lang='lat'>67.</span> <span class='ocrx_word' id='word_1_2' title='bbox 674 1013 903 1108; x_wconf 84' lang='lat' dir='ltr'>Cononicus</span> <span class='ocrx_word' id='word_1_3' title='bbox 929 1015 1184 1148; x_wconf 69' lang='lat' dir='ltr'>‘saronenfis</span> <span class='ocrx_word' id='word_1_4' title='bbox 1342 1022 1401 1144; x_wconf 89' lang='lat'>89</span> 
     </span>
    </p>
   </div>
   <div class='ocr_carea' id='block_1_2' title="bbox 299 1279 1565 4944">
    <p class='ocr_par' dir='ltr' id='par_1_2' title="bbox 299 1279 1565 4944">
     <span class='ocr_line' id='line_1_2' title="bbox 379 1279 1403 1366; baseline 0.007 -25"><span class='ocrx_word' id='word_1_5' title='bbox 379 1280 519 1343; x_wconf 90' lang='lat' dir='ltr'>milliaria</span> <span class='ocrx_word' id='word_1_6' title='bbox 533 1281 691 1362; x_wconf 88' lang='lat' dir='ltr'>fugientes,</span> <span class='ocrx_word' id='word_1_7' title='bbox 713 1279 848 1364; x_wconf 89' lang='lat' dir='ltr'>&amp;usque</span> <span class='ocrx_word' id='word_1_8' title='bbox 869 1281 906 1342; x_wconf 89' lang='lat' dir='ltr'>ad</span> <span class='ocrx_word' id='word_1_9' title='bbox 921 1302 1020 1363; x_wconf 86' lang='lat' dir='ltr'>genua</span> <span class='ocrx_word' id='word_1_10' title='bbox 1035 1283 1065 1343; x_wconf 93' lang='lat' dir='ltr'>in</span> <span class='ocrx_word' id='word_1_11' title='bbox 1080 1302 1227 1364; x_wconf 87' lang='lat' dir='ltr'>aquarum</span> <span class='ocrx_word' id='word_1_12' title='bbox 1243 1285 1403 1366; x_wconf 91' lang='lat' dir='ltr'>paludibus</span> 
     </span>
     <span class='ocr_line' id='line_1_3' title="bbox 379 1367 1402 1456; baseline 0.004 -25"><span class='ocrx_word' id='word_1_13' title='bbox 379 1367 549 1445; x_wconf 82' lang='lat' dir='ltr'>existentes,</span> <span class='ocrx_word' id='word_1_14' title='bbox 571 1387 682 1450; x_wconf 90' lang='lat' dir='ltr'>magno</span> <span class='ocrx_word' id='word_1_15' title='bbox 704 1369 819 1449; x_wconf 90' lang='lat' dir='ltr'>impetu</span> <span class='ocrx_word' id='word_1_16' title='bbox 836 1367 1066 1451; x_wconf 89' lang='lat' dir='ltr'>prosequuntur.</span> <span class='ocrx_word' id='word_1_17' title='bbox 1091 1369 1196 1432; x_wconf 88' lang='lat' dir='ltr'>Nostri</span> <span class='ocrx_word' id='word_1_18' title='bbox 1211 1392 1295 1450; x_wconf 89' lang='lat' dir='ltr'>vero,</span> <span class='ocrx_word' id='word_1_19' title='bbox 1309 1373 1402 1456; x_wconf 90' lang='lat' dir='ltr'>longo</span> 
     </span>
     <span class='ocr_line' id='line_1_4' title="bbox 380 1455 1403 1541; baseline 0.004 -22"><span class='ocrx_word' id='word_1_20' title='bbox 380 1457 484 1519; x_wconf 91' lang='lat' dir='ltr'>labore</span> <span class='ocrx_word' id='word_1_21' title='bbox 506 1455 667 1519; x_wconf 86' lang='lat' dir='ltr'>itineris&amp;</span> <span class='ocrx_word' id='word_1_22' title='bbox 685 1457 799 1519; x_wconf 92' lang='lat' dir='ltr'>ieiunio</span> <span class='ocrx_word' id='word_1_23' title='bbox 821 1457 944 1539; x_wconf 87' lang='lat' dir='ltr'>fatigati,</span> <span class='ocrx_word' id='word_1_24' title='bbox 959 1457 1000 1518; x_wconf 96' lang='lat' dir='ltr'>ibi</span> <span class='ocrx_word' id='word_1_25' title='bbox 1022 1457 1194 1522; x_wconf 83' lang='lat' dir='ltr'>immobiles</span> <span class='ocrx_word' id='word_1_26' title='bbox 1217 1461 1403 1541; x_wconf 87' lang='lat' dir='ltr'>exstiterunt,</span> 
     </span>
     <span class='ocr_line' id='line_1_5' title="bbox 382 1543 1402 1626; baseline 0.005 -18"><span class='ocrx_word' id='word_1_27' title='bbox 382 1545 511 1608; x_wconf 84' lang='lat' dir='ltr'>Domini</span> <span class='ocrx_word' id='word_1_28' title='bbox 533 1543 768 1606; x_wconf 89' lang='lat' dir='ltr'>misericordiam</span> <span class='ocrx_word' id='word_1_29' title='bbox 790 1544 1002 1626; x_wconf 65' lang='lat' dir='ltr'>implorantem</span> <span class='ocrx_word' id='word_1_30' title='bbox 1024 1545 1053 1608; x_wconf 72' lang='grc' dir='ltr'><strong>ἃ</strong></span> <span class='ocrx_word' id='word_1_31' title='bbox 1073 1550 1163 1609; x_wconf 88' lang='lat' dir='ltr'>etiam</span> <span class='ocrx_word' id='word_1_32' title='bbox 1177 1568 1248 1608; x_wconf 93' lang='lat' dir='ltr'>cum</span> <span class='ocrx_word' id='word_1_33' title='bbox 1264 1548 1341 1612; x_wconf 92' lang='lat' dir='ltr'>ultra</span> <span class='ocrx_word' id='word_1_34' title='bbox 1356 1551 1402 1614; x_wconf 93' lang='lat' dir='ltr'>in-</span> 
     </span>
     <span class='ocr_line' id='line_1_6' title="bbox 380 1630 1404 1710; baseline 0.001 -13"><span class='ocrx_word' id='word_1_35' title='bbox 380 1635 489 1697; x_wconf 86' lang='lat' dir='ltr'>cedere</span> <span class='ocrx_word' id='word_1_36' title='bbox 509 1655 571 1695; x_wconf 93' lang='lat' dir='ltr'>non</span> <span class='ocrx_word' id='word_1_37' title='bbox 586 1631 732 1710; x_wconf 89' lang='lat' dir='ltr'>valerent,</span> <span class='ocrx_word' id='word_1_38' title='bbox 753 1630 928 1696; x_wconf 66' lang='lat' dir='ltr'>incessantes</span> <span class='ocrx_word' id='word_1_39' title='bbox 950 1633 1075 1698; x_wconf 91' lang='lat' dir='ltr'>insultus</span> <span class='ocrx_word' id='word_1_40' title='bbox 1097 1635 1228 1698; x_wconf 90' lang='lat' dir='ltr'>hostium</span> <span class='ocrx_word' id='word_1_41' title='bbox 1251 1636 1404 1699; x_wconf 88' lang='lat' dir='ltr'>humiliter</span> 
     </span>
     <span class='ocr_line' id='line_1_7' title="bbox 381 1721 1404 1804; baseline 0.001 -19"><span class='ocrx_word' id='word_1_42' title='bbox 381 1721 580 1804; x_wconf 89' lang='lat' dir='ltr'>pertulerunt,</span> <span class='ocrx_word' id='word_1_43' title='bbox 594 1721 631 1783; x_wconf 92' lang='lat' dir='ltr'>ab</span> <span class='ocrx_word' id='word_1_44' title='bbox 647 1721 690 1784; x_wconf 87' lang='lat' dir='ltr'>eis</span> <span class='ocrx_word' id='word_1_45' title='bbox 704 1737 834 1783; x_wconf 89' lang='lat' dir='ltr'>mortem</span> <span class='ocrx_word' id='word_1_46' title='bbox 849 1721 1040 1784; x_wconf 88' lang='lat' dir='ltr'><strong>solummodo</strong></span> <span class='ocrx_word' id='word_1_47' title='bbox 1055 1722 1259 1804; x_wconf 88' lang='lat' dir='ltr'>prestolantes.</span> <span class='ocrx_word' id='word_1_48' title='bbox 1279 1725 1336 1788; x_wconf 85' lang='lat' dir='ltr'>Sed</span> <span class='ocrx_word' id='word_1_49' title='bbox 1352 1725 1404 1786; x_wconf 90' lang='lat' dir='ltr'>ille</span> 
     </span>
     <span class='ocr_line' id='line_1_8' title="bbox 303 1809 1405 1894; baseline 0.004 -23"><span class='ocrx_word' id='word_1_50' title='bbox 303 1818 305 1833; x_wconf 91' lang='lat'>&#39;</span> <span class='ocrx_word' id='word_1_51' title='bbox 381 1810 432 1894; x_wconf 89' lang='lat' dir='ltr'>qui</span> <span class='ocrx_word' id='word_1_52' title='bbox 448 1831 510 1872; x_wconf 92' lang='lat' dir='ltr'>non</span> <span class='ocrx_word' id='word_1_53' title='bbox 525 1809 591 1872; x_wconf 93' lang='lat' dir='ltr'>vult</span> <span class='ocrx_word' id='word_1_54' title='bbox 605 1824 736 1871; x_wconf 88' lang='lat' dir='ltr'>mortem</span> <span class='ocrx_word' id='word_1_55' title='bbox 752 1810 932 1890; x_wconf 90' lang='lat' dir='ltr'>peccatoris,</span> <span class='ocrx_word' id='word_1_56' title='bbox 950 1809 997 1871; x_wconf 91' lang='lat' dir='ltr'>sed</span> <span class='ocrx_word' id='word_1_57' title='bbox 1013 1827 1046 1871; x_wconf 94' lang='lat' dir='ltr'>ut</span> <span class='ocrx_word' id='word_1_58' title='bbox 1060 1827 1254 1874; x_wconf 89' lang='lat' dir='ltr'>convertatur</span> <span class='ocrx_word' id='word_1_59' title='bbox 1269 1811 1299 1874; x_wconf 74' lang='grc' dir='ltr'>δι</span> <span class='ocrx_word' id='word_1_60' title='bbox 1312 1814 1405 1891; x_wconf 91' lang='lat' dir='ltr'>vivat,</span> 
     </span>
     <span class='ocr_line' id='line_1_9' title="bbox 381 1896 1404 1981; baseline 0.004 -21"><span class='ocrx_word' id='word_1_61' title='bbox 381 1900 411 1960; x_wconf 90' lang='lat' dir='ltr'>in</span> <span class='ocrx_word' id='word_1_62' title='bbox 429 1898 516 1960; x_wconf 92' lang='lat' dir='ltr'>cuius</span> <span class='ocrx_word' id='word_1_63' title='bbox 531 1918 623 1958; x_wconf 88' lang='lat' dir='ltr'>manu</span> <span class='ocrx_word' id='word_1_64' title='bbox 635 1896 731 1958; x_wconf 87' lang='lat' dir='ltr'>corda</span> <span class='ocrx_word' id='word_1_65' title='bbox 742 1916 846 1978; x_wconf 90' lang='lat' dir='ltr'>regum</span> <span class='ocrx_word' id='word_1_66' title='bbox 860 1897 927 1959; x_wconf 92' lang='lat' dir='ltr'>sunt</span> <span class='ocrx_word' id='word_1_67' title='bbox 938 1896 1041 1980; x_wconf 79' lang='lat' dir='ltr'>posita,</span> <span class='ocrx_word' id='word_1_68' title='bbox 1056 1897 1149 1962; x_wconf 85' lang='lat' dir='ltr'>&amp;eos</span> <span class='ocrx_word' id='word_1_69' title='bbox 1161 1899 1286 1981; x_wconf 85' lang='lat' dir='ltr'>presenti</span> <span class='ocrx_word' id='word_1_70' title='bbox 1304 1917 1404 1964; x_wconf 90' lang='lat' dir='ltr'>morte</span> 
     </span>
     <span class='ocr_line' id='line_1_10' title="bbox 380 1984 1405 2068; baseline 0.003 -20"><span class='ocrx_word' id='word_1_71' title='bbox 380 1987 503 2068; x_wconf 88' lang='lat' dir='ltr'>eripuit,</span> <span class='ocrx_word' id='word_1_72' title='bbox 525 1984 555 2048; x_wconf 74' lang='grc' dir='ltr'>δι</span> <span class='ocrx_word' id='word_1_73' title='bbox 576 1987 606 2046; x_wconf 93' lang='lat' dir='ltr'>in</span> <span class='ocrx_word' id='word_1_74' title='bbox 629 1985 672 2046; x_wconf 89' lang='lat' dir='ltr'>eis</span> <span class='ocrx_word' id='word_1_75' title='bbox 693 2005 747 2046; x_wconf 90' lang='lat' dir='ltr'>cor</span> <span class='ocrx_word' id='word_1_76' title='bbox 766 1985 843 2066; x_wconf 89' lang='lat' dir='ltr'>regis</span> <span class='ocrx_word' id='word_1_77' title='bbox 857 1984 970 2068; x_wconf 88' lang='lat' dir='ltr'>Egypti</span> <span class='ocrx_word' id='word_1_78' title='bbox 985 1987 1021 2048; x_wconf 90' lang='lat' dir='ltr'>ad</span> <span class='ocrx_word' id='word_1_79' title='bbox 1037 1986 1270 2050; x_wconf 88' lang='lat' dir='ltr'>misericordiam</span> <span class='ocrx_word' id='word_1_80' title='bbox 1284 1989 1405 2052; x_wconf 92' lang='lat' dir='ltr'>emolli·</span> 
     </span>
     <span class='ocr_line' id='line_1_11' title="bbox 381 2071 1406 2156; baseline 0.005 -20"><span class='ocrx_word' id='word_1_81' title='bbox 381 2076 439 2137; x_wconf 93' lang='lat' dir='ltr'>vit:</span> <span class='ocrx_word' id='word_1_82' title='bbox 461 2094 532 2135; x_wconf 90' lang='lat' dir='ltr'>nam</span> <span class='ocrx_word' id='word_1_83' title='bbox 558 2071 706 2136; x_wconf 87' lang='lat' dir='ltr'>Soldanus</span> <span class='ocrx_word' id='word_1_84' title='bbox 722 2071 900 2154; x_wconf 88' lang='lat' dir='ltr'>Babylonie,</span> <span class='ocrx_word' id='word_1_85' title='bbox 924 2090 1025 2137; x_wconf 90' lang='lat' dir='ltr'>motus</span> <span class='ocrx_word' id='word_1_86' title='bbox 1047 2075 1177 2156; x_wconf 91' lang='lat' dir='ltr'>quadam</span> <span class='ocrx_word' id='word_1_87' title='bbox 1202 2075 1406 2141; x_wconf 85' lang='lat' dir='ltr'>misericordia</span> 
     </span>
     <span class='ocr_line' id='line_1_12' title="bbox 381 2159 1405 2245; baseline 0.003 -20"><span class='ocrx_word' id='word_1_88' title='bbox 381 2161 519 2240; x_wconf 89' lang='lat' dir='ltr'>naturali,</span> <span class='ocrx_word' id='word_1_89' title='bbox 543 2162 586 2223; x_wconf 90' lang='lat' dir='ltr'>eis</span> <span class='ocrx_word' id='word_1_90' title='bbox 607 2159 768 2222; x_wconf 87' lang='lat' dir='ltr'>avinculis</span> <span class='ocrx_word' id='word_1_91' title='bbox 782 2159 811 2222; x_wconf 80' lang='lat' dir='ltr'>dr</span> <span class='ocrx_word' id='word_1_92' title='bbox 825 2182 843 2222; x_wconf 90' lang='lat' dir='ltr'>a</span> <span class='ocrx_word' id='word_1_93' title='bbox 857 2177 956 2223; x_wconf 91' lang='lat' dir='ltr'>morte</span> <span class='ocrx_word' id='word_1_94' title='bbox 977 2164 1124 2245; x_wconf 87' lang='lat' dir='ltr'>pepercit,</span> <span class='ocrx_word' id='word_1_95' title='bbox 1147 2163 1177 2225; x_wconf 71' lang='grc' dir='ltr'>δι</span> <span class='ocrx_word' id='word_1_96' title='bbox 1191 2165 1288 2228; x_wconf 70' lang='lat' dir='ltr'>vissus</span> <span class='ocrx_word' id='word_1_97' title='bbox 1303 2168 1405 2228; x_wconf 91' lang='lat' dir='ltr'>neces·</span> 
     </span>
     <span class='ocr_line' id='line_1_13' title="bbox 381 2247 1407 2333; baseline 0.006 -22"><span class='ocrx_word' id='word_1_98' title='bbox 381 2249 456 2312; x_wconf 91' lang='lat' dir='ltr'>saria</span> <span class='ocrx_word' id='word_1_99' title='bbox 475 2250 663 2312; x_wconf 88' lang='lat' dir='ltr'>ministravit.</span> <span class='ocrx_word' id='word_1_100' title='bbox 689 2247 844 2332; x_wconf 87' lang='lat' dir='ltr'>Denique,</span> <span class='ocrx_word' id='word_1_101' title='bbox 869 2248 935 2331; x_wconf 90' lang='lat' dir='ltr'>post</span> <span class='ocrx_word' id='word_1_102' title='bbox 960 2249 1069 2312; x_wconf 89' lang='lat' dir='ltr'>multas</span> <span class='ocrx_word' id='word_1_103' title='bbox 1092 2251 1174 2331; x_wconf 84' lang='lat' dir='ltr'>pacis</span> <span class='ocrx_word' id='word_1_104' title='bbox 1198 2253 1407 2333; x_wconf 81' lang='lat' dir='ltr'>promiffiones</span> 
     </span>
     <span class='ocr_line' id='line_1_14' title="bbox 382 2333 1407 2420; baseline 0.004 -21"><span class='ocrx_word' id='word_1_105' title='bbox 382 2338 419 2399; x_wconf 94' lang='lat' dir='ltr'>ab</span> <span class='ocrx_word' id='word_1_106' title='bbox 434 2353 560 2420; x_wconf 88' lang='lat' dir='ltr'>utraque</span> <span class='ocrx_word' id='word_1_107' title='bbox 582 2353 665 2419; x_wconf 90' lang='lat' dir='ltr'>parte</span> <span class='ocrx_word' id='word_1_108' title='bbox 688 2333 864 2420; x_wconf 83' lang='lat' dir='ltr'>propositas,</span> <span class='ocrx_word' id='word_1_109' title='bbox 890 2339 1049 2400; x_wconf 89' lang='lat' dir='ltr'>intervenit</span> <span class='ocrx_word' id='word_1_110' title='bbox 1069 2338 1249 2420; x_wconf 80' lang='lat' dir='ltr'>compositio</span> <span class='ocrx_word' id='word_1_111' title='bbox 1274 2341 1304 2402; x_wconf 95' lang='lat' dir='ltr'>in</span> <span class='ocrx_word' id='word_1_112' title='bbox 1325 2341 1407 2402; x_wconf 93' lang='lat' dir='ltr'>hunc</span> 
     </span>
     <span class='ocr_line' id='line_1_15' title="bbox 382 2423 1408 2506; baseline 0.007 -20"><span class='ocrx_word' id='word_1_113' title='bbox 382 2427 520 2504; x_wconf 93' lang='lat' dir='ltr'>modum,</span> <span class='ocrx_word' id='word_1_114' title='bbox 540 2425 622 2506; x_wconf 92' lang='lat' dir='ltr'>quod</span> <span class='ocrx_word' id='word_1_115' title='bbox 644 2423 796 2488; x_wconf 90' lang='lat' dir='ltr'>christiani</span> <span class='ocrx_word' id='word_1_116' title='bbox 813 2424 989 2494; x_wconf 77' lang='lat' dir='ltr'>Damiatam</span> <span class='ocrx_word' id='word_1_117' title='bbox 1004 2425 1173 2489; x_wconf 89' lang='lat' dir='ltr'>Sarracenis</span> <span class='ocrx_word' id='word_1_118' title='bbox 1188 2428 1360 2506; x_wconf 87' lang='lat' dir='ltr'>redderent,</span> <span class='ocrx_word' id='word_1_119' title='bbox 1378 2429 1408 2493; x_wconf 75' lang='grc' dir='ltr'>δι</span> 
     </span>
     <span class='ocr_line' id='line_1_16' title="bbox 383 2512 1407 2598; baseline 0.001 -23"><span class='ocrx_word' id='word_1_120' title='bbox 383 2513 546 2590; x_wconf 89' lang='lat' dir='ltr'>Sarraceni,</span> <span class='ocrx_word' id='word_1_121' title='bbox 571 2528 673 2596; x_wconf 81' lang='lat' dir='ltr'>treuga</span> <span class='ocrx_word' id='word_1_122' title='bbox 687 2512 806 2574; x_wconf 88' lang='lat' dir='ltr'>firmata</span> <span class='ocrx_word' id='word_1_123' title='bbox 827 2513 971 2596; x_wconf 89' lang='lat' dir='ltr'>usquead</span> <span class='ocrx_word' id='word_1_124' title='bbox 986 2513 1057 2575; x_wconf 73' lang='lat' dir='ltr'>odio</span> <span class='ocrx_word' id='word_1_125' title='bbox 1074 2535 1180 2591; x_wconf 92' lang='lat' dir='ltr'>annos,</span> <span class='ocrx_word' id='word_1_126' title='bbox 1202 2531 1318 2596; x_wconf 91' lang='lat' dir='ltr'>partem</span> <span class='ocrx_word' id='word_1_127' title='bbox 1334 2515 1407 2598; x_wconf 91' lang='lat' dir='ltr'>ligni</span> 
     </span>
     <span class='ocr_line' id='line_1_17' title="bbox 299 2599 1408 2685; baseline 0.003 -22"><span class='ocrx_word' id='word_1_128' title='bbox 299 2671 303 2683; x_wconf 52' lang='grc'>,</span> <span class='ocrx_word' id='word_1_129' title='bbox 383 2601 493 2665; x_wconf 90' lang='lat' dir='ltr'>Crucis</span> <span class='ocrx_word' id='word_1_130' title='bbox 518 2599 660 2678; x_wconf 86' lang='lat' dir='ltr'>Domini,</span> <span class='ocrx_word' id='word_1_131' title='bbox 687 2621 779 2683; x_wconf 91' lang='lat' dir='ltr'>quam</span> <span class='ocrx_word' id='word_1_132' title='bbox 803 2601 952 2664; x_wconf 86' lang='lat' dir='ltr'>Soldanus</span> <span class='ocrx_word' id='word_1_133' title='bbox 977 2623 994 2662; x_wconf 91' lang='lat' dir='ltr'>a</span> <span class='ocrx_word' id='word_1_134' title='bbox 1018 2599 1211 2684; x_wconf 89' lang='lat' dir='ltr'>lerosolymis</span> <span class='ocrx_word' id='word_1_135' title='bbox 1236 2602 1408 2685; x_wconf 76' lang='lat' dir='ltr'>asportaret,</span> 
     </span>
     <span class='ocr_line' id='line_1_18' title="bbox 382 2688 1408 2773; baseline 0.001 -22"><span class='ocrx_word' id='word_1_136' title='bbox 382 2688 549 2752; x_wconf 86' lang='lat' dir='ltr'>christianis</span> <span class='ocrx_word' id='word_1_137' title='bbox 570 2688 769 2767; x_wconf 88' lang='lat' dir='ltr'>restituerent,</span> <span class='ocrx_word' id='word_1_138' title='bbox 793 2688 823 2750; x_wconf 77' lang='grc' dir='ltr'>δι</span> <span class='ocrx_word' id='word_1_139' title='bbox 843 2691 885 2752; x_wconf 93' lang='lat' dir='ltr'>eis</span> <span class='ocrx_word' id='word_1_140' title='bbox 900 2691 971 2751; x_wconf 91' lang='lat' dir='ltr'>dato</span> <span class='ocrx_word' id='word_1_141' title='bbox 986 2689 1152 2767; x_wconf 72' lang='lat' dir='ltr'>condudiu,</span> <span class='ocrx_word' id='word_1_142' title='bbox 1167 2691 1285 2773; x_wconf 92' lang='lat' dir='ltr'>utrique</span> <span class='ocrx_word' id='word_1_143' title='bbox 1301 2693 1408 2754; x_wconf 93' lang='lat' dir='ltr'>utrius-</span> 
     </span>
     <span class='ocr_line' id='line_1_19' title="bbox 383 2776 1409 2864; baseline 0.005 -26"><span class='ocrx_word' id='word_1_144' title='bbox 383 2799 443 2860; x_wconf 87' lang='lat' dir='ltr'>que</span> <span class='ocrx_word' id='word_1_145' title='bbox 454 2776 559 2859; x_wconf 92' lang='lat' dir='ltr'>populi</span> <span class='ocrx_word' id='word_1_146' title='bbox 573 2777 710 2859; x_wconf 90' lang='lat' dir='ltr'>captivos</span> <span class='ocrx_word' id='word_1_147' title='bbox 723 2777 842 2858; x_wconf 90' lang='lat' dir='ltr'>penitus</span> <span class='ocrx_word' id='word_1_148' title='bbox 858 2777 1028 2839; x_wconf 85' lang='lat' dir='ltr'>liberarent.</span> <span class='ocrx_word' id='word_1_149' title='bbox 1045 2777 1122 2864; x_wconf 76' lang='lat' dir='ltr'>Quo</span> <span class='ocrx_word' id='word_1_150' title='bbox 1134 2778 1172 2839; x_wconf 89' lang='lat' dir='ltr'>ab</span> <span class='ocrx_word' id='word_1_151' title='bbox 1186 2794 1312 2863; x_wconf 91' lang='lat' dir='ltr'>utraque</span> <span class='ocrx_word' id='word_1_152' title='bbox 1324 2797 1409 2862; x_wconf 92' lang='lat' dir='ltr'>parte</span> 
     </span>
     <span class='ocr_line' id='line_1_20' title="bbox 383 2861 1410 2948; baseline 0.002 -20"><span class='ocrx_word' id='word_1_153' title='bbox 383 2861 534 2943; x_wconf 89' lang='lat' dir='ltr'>concesso,</span> <span class='ocrx_word' id='word_1_154' title='bbox 549 2884 663 2941; x_wconf 90' lang='lat' dir='ltr'>rumor,</span> <span class='ocrx_word' id='word_1_155' title='bbox 673 2865 726 2948; x_wconf 91' lang='lat' dir='ltr'>qui</span> <span class='ocrx_word' id='word_1_156' title='bbox 737 2863 817 2926; x_wconf 89' lang='lat' dir='ltr'>clam</span> <span class='ocrx_word' id='word_1_157' title='bbox 828 2863 904 2926; x_wconf 92' lang='lat' dir='ltr'>nihil</span> <span class='ocrx_word' id='word_1_158' title='bbox 916 2885 1002 2948; x_wconf 86' lang='lat' dir='ltr'>agere</span> <span class='ocrx_word' id='word_1_159' title='bbox 1015 2865 1268 2948; x_wconf 61' lang='lat' dir='ltr'>consuevieapud</span> <span class='ocrx_word' id='word_1_160' title='bbox 1281 2865 1410 2930; x_wconf 88' lang='lat' dir='ltr'>Damie·</span> 
     </span>
     <span class='ocr_line' id='line_1_21' title="bbox 384 2949 1411 3036; baseline 0.002 -20"><span class='ocrx_word' id='word_1_161' title='bbox 384 2969 445 3016; x_wconf 86' lang='lat' dir='ltr'>tam</span> <span class='ocrx_word' id='word_1_162' title='bbox 461 2954 598 3036; x_wconf 84' lang='lat' dir='ltr'>protinus</span> <span class='ocrx_word' id='word_1_163' title='bbox 619 2951 760 3031; x_wconf 86' lang='lat' dir='ltr'>evolavit,</span> <span class='ocrx_word' id='word_1_164' title='bbox 785 2951 993 3034; x_wconf 88' lang='lat' dir='ltr'>universasque</span> <span class='ocrx_word' id='word_1_165' title='bbox 1008 2951 1038 3015; x_wconf 81' lang='lat' dir='ltr'>dt</span> <span class='ocrx_word' id='word_1_166' title='bbox 1052 2949 1193 3035; x_wconf 88' lang='lat' dir='ltr'>smgulos,</span> <span class='ocrx_word' id='word_1_167' title='bbox 1216 2956 1317 3018; x_wconf 87' lang='lat' dir='ltr'>audita</span> <span class='ocrx_word' id='word_1_168' title='bbox 1331 2958 1411 3018; x_wconf 84' lang='lat' dir='ltr'>sama</span> 
     </span>
     <span class='ocr_line' id='line_1_22' title="bbox 384 3038 1410 3124; baseline 0.002 -20"><span class='ocrx_word' id='word_1_169' title='bbox 384 3041 553 3124; x_wconf 87' lang='lat' dir='ltr'>infortunij,</span> <span class='ocrx_word' id='word_1_170' title='bbox 563 3039 773 3102; x_wconf 87' lang='lat' dir='ltr'>constemavit.</span> <span class='ocrx_word' id='word_1_171' title='bbox 789 3038 895 3119; x_wconf 90' lang='lat' dir='ltr'>Porro,</span> <span class='ocrx_word' id='word_1_172' title='bbox 911 3040 1089 3122; x_wconf 89' lang='lat' dir='ltr'>quibusdam</span> <span class='ocrx_word' id='word_1_173' title='bbox 1099 3040 1273 3106; x_wconf 89' lang='lat' dir='ltr'>volentibus</span> <span class='ocrx_word' id='word_1_174' title='bbox 1285 3045 1410 3107; x_wconf 89' lang='lat' dir='ltr'>reddere</span> 
     </span>
     <span class='ocr_line' id='line_1_23' title="bbox 383 3127 1409 3211; baseline 0.002 -19"><span class='ocrx_word' id='word_1_175' title='bbox 383 3129 548 3206; x_wconf 89' lang='lat' dir='ltr'>civitatem,</span> <span class='ocrx_word' id='word_1_176' title='bbox 562 3127 739 3211; x_wconf 85' lang='lat' dir='ltr'>quibusdam</span> <span class='ocrx_word' id='word_1_177' title='bbox 760 3127 946 3208; x_wconf 85' lang='lat' dir='ltr'>nolentibus,</span> <span class='ocrx_word' id='word_1_178' title='bbox 969 3145 1035 3191; x_wconf 91' lang='lat' dir='ltr'>orta</span> <span class='ocrx_word' id='word_1_179' title='bbox 1048 3127 1091 3191; x_wconf 91' lang='lat' dir='ltr'>est</span> <span class='ocrx_word' id='word_1_180' title='bbox 1104 3127 1239 3192; x_wconf 79' lang='lat' dir='ltr'>dissensio</span> <span class='ocrx_word' id='word_1_181' title='bbox 1255 3132 1332 3194; x_wconf 92' lang='lat' dir='ltr'>inter</span> <span class='ocrx_word' id='word_1_182' title='bbox 1346 3154 1409 3196; x_wconf 89' lang='lat' dir='ltr'>eos.</span> 
     </span>
     <span class='ocr_line' id='line_1_24' title="bbox 383 3211 1410 3295; baseline 0.001 -16"><span class='ocrx_word' id='word_1_183' title='bbox 383 3217 468 3280; x_wconf 90' lang='lat' dir='ltr'>Nam</span> <span class='ocrx_word' id='word_1_184' title='bbox 483 3216 606 3292; x_wconf 90' lang='lat' dir='ltr'>Veneti,</span> <span class='ocrx_word' id='word_1_185' title='bbox 629 3213 735 3294; x_wconf 91' lang='lat' dir='ltr'>Pisani,</span> <span class='ocrx_word' id='word_1_186' title='bbox 758 3211 917 3280; x_wconf 90' lang='lat' dir='ltr'>Ianuenses</span> <span class='ocrx_word' id='word_1_187' title='bbox 939 3216 969 3280; x_wconf 75' lang='grc' dir='ltr'>δι</span> <span class='ocrx_word' id='word_1_188' title='bbox 990 3216 1094 3295; x_wconf 91' lang='lat' dir='ltr'>Siculi,</span> <span class='ocrx_word' id='word_1_189' title='bbox 1117 3239 1189 3281; x_wconf 93' lang='lat' dir='ltr'>cum</span> <span class='ocrx_word' id='word_1_190' title='bbox 1211 3220 1354 3282; x_wconf 91' lang='lat' dir='ltr'>omnibus</span> <span class='ocrx_word' id='word_1_191' title='bbox 1372 3219 1410 3280; x_wconf 92' lang='lat' dir='ltr'>de</span> 
     </span>
     <span class='ocr_line' id='line_1_25' title="bbox 384 3303 1410 3387; baseline 0 -19"><span class='ocrx_word' id='word_1_192' title='bbox 384 3306 514 3387; x_wconf 91' lang='lat' dir='ltr'>imperio</span> <span class='ocrx_word' id='word_1_193' title='bbox 538 3303 702 3381; x_wconf 89' lang='lat' dir='ltr'>nobilibus,</span> <span class='ocrx_word' id='word_1_194' title='bbox 727 3304 881 3368; x_wconf 90' lang='lat' dir='ltr'>civitatem</span> <span class='ocrx_word' id='word_1_195' title='bbox 909 3305 1071 3368; x_wconf 89' lang='lat' dir='ltr'>defendere</span> <span class='ocrx_word' id='word_1_196' title='bbox 1092 3307 1296 3385; x_wconf 84' lang='lat' dir='ltr'>conabantur3</span> <span class='ocrx_word' id='word_1_197' title='bbox 1319 3307 1349 3370; x_wconf 75' lang='grc' dir='ltr'>δι</span> <span class='ocrx_word' id='word_1_198' title='bbox 1373 3328 1410 3369; x_wconf 88' lang='lat' dir='ltr'>ex</span> 
     </span>
     <span class='ocr_line' id='line_1_26' title="bbox 385 3389 1409 3476; baseline 0 -20"><span class='ocrx_word' id='word_1_199' title='bbox 385 3393 443 3456; x_wconf 86' lang='lat' dir='ltr'>alia</span> <span class='ocrx_word' id='word_1_200' title='bbox 457 3407 542 3474; x_wconf 93' lang='lat' dir='ltr'>parte</span> <span class='ocrx_word' id='word_1_201' title='bbox 557 3389 665 3469; x_wconf 88' lang='lat' dir='ltr'>Greci,</span> <span class='ocrx_word' id='word_1_202' title='bbox 684 3389 772 3475; x_wconf 86' lang='lat' dir='ltr'>Syrij,</span> <span class='ocrx_word' id='word_1_203' title='bbox 794 3393 946 3476; x_wconf 89' lang='lat' dir='ltr'>Armenij,</span> <span class='ocrx_word' id='word_1_204' title='bbox 971 3415 1042 3455; x_wconf 91' lang='lat' dir='ltr'>cum</span> <span class='ocrx_word' id='word_1_205' title='bbox 1057 3393 1224 3476; x_wconf 89' lang='lat' dir='ltr'>Hospitalis</span> <span class='ocrx_word' id='word_1_206' title='bbox 1238 3395 1409 3476; x_wconf 87' lang='lat' dir='ltr'>&amp;Templi</span> 
     </span>
     <span class='ocr_line' id='line_1_27' title="bbox 385 3478 1411 3564; baseline 0.003 -21"><span class='ocrx_word' id='word_1_207' title='bbox 385 3481 531 3544; x_wconf 91' lang='lat' dir='ltr'>militibus</span> <span class='ocrx_word' id='word_1_208' title='bbox 546 3479 577 3542; x_wconf 75' lang='lat' dir='ltr'>dt</span> <span class='ocrx_word' id='word_1_209' title='bbox 592 3478 759 3541; x_wconf 83' lang='lat' dir='ltr'>Hemerico</span> <span class='ocrx_word' id='word_1_210' title='bbox 778 3479 960 3544; x_wconf 90' lang='lat' dir='ltr'>vicecomite</span> <span class='ocrx_word' id='word_1_211' title='bbox 973 3481 1112 3564; x_wconf 88' lang='lat' dir='ltr'>Toarcij,</span> <span class='ocrx_word' id='word_1_212' title='bbox 1134 3481 1242 3546; x_wconf 83' lang='lat' dir='ltr'>&amp;aliis</span> <span class='ocrx_word' id='word_1_213' title='bbox 1256 3483 1411 3546; x_wconf 92' lang='lat' dir='ltr'>nobilibus</span> 
     </span>
     <span class='ocr_line' id='line_1_28' title="bbox 385 3568 1412 3649; baseline 0.001 -17"><span class='ocrx_word' id='word_1_214' title='bbox 385 3568 411 3632; x_wconf 86' lang='lat' dir='ltr'>F</span> <span class='ocrx_word' id='word_1_215' title='bbox 413 3570 525 3647; x_wconf 88' lang='lat' dir='ltr'>rancie,</span> <span class='ocrx_word' id='word_1_216' title='bbox 538 3568 591 3649; x_wconf 92' lang='lat' dir='ltr'>qui</span> <span class='ocrx_word' id='word_1_217' title='bbox 606 3568 636 3628; x_wconf 94' lang='lat' dir='ltr'>in</span> <span class='ocrx_word' id='word_1_218' title='bbox 652 3568 725 3630; x_wconf 91' lang='lat' dir='ltr'>urbe</span> <span class='ocrx_word' id='word_1_219' title='bbox 739 3568 952 3647; x_wconf 87' lang='lat' dir='ltr'>remanserant,</span> <span class='ocrx_word' id='word_1_220' title='bbox 972 3590 1040 3631; x_wconf 83' lang='lat' dir='ltr'>earn</span> <span class='ocrx_word' id='word_1_221' title='bbox 1056 3569 1183 3632; x_wconf 89' lang='lat' dir='ltr'>reddere</span> <span class='ocrx_word' id='word_1_222' title='bbox 1199 3572 1412 3647; x_wconf 74' lang='lat' dir='ltr'>minabantur,</span> 
     </span>
     <span class='ocr_line' id='line_1_29' title="bbox 386 3655 1412 3740; baseline -0.002 -19"><span class='ocrx_word' id='word_1_223' title='bbox 386 3658 416 3721; x_wconf 87' lang='lat'>&amp;</span> <span class='ocrx_word' id='word_1_224' title='bbox 437 3659 478 3720; x_wconf 92' lang='lat' dir='ltr'>ita</span> <span class='ocrx_word' id='word_1_225' title='bbox 493 3655 606 3719; x_wconf 91' lang='lat' dir='ltr'>Veneti</span> <span class='ocrx_word' id='word_1_226' title='bbox 623 3655 653 3718; x_wconf 75' lang='grc' dir='ltr'>δι</span> <span class='ocrx_word' id='word_1_227' title='bbox 672 3655 721 3738; x_wconf 85' lang='lat' dir='ltr'>alij</span> <span class='ocrx_word' id='word_1_228' title='bbox 740 3655 901 3739; x_wconf 70' lang='lat' dir='ltr'>supradisii</span> <span class='ocrx_word' id='word_1_229' title='bbox 918 3657 1028 3739; x_wconf 86' lang='lat' dir='ltr'>palatia</span> <span class='ocrx_word' id='word_1_230' title='bbox 1042 3659 1131 3740; x_wconf 88' lang='lat' dir='ltr'>regis,</span> <span class='ocrx_word' id='word_1_231' title='bbox 1144 3657 1274 3740; x_wconf 88' lang='lat' dir='ltr'>Templi</span> <span class='ocrx_word' id='word_1_232' title='bbox 1291 3658 1412 3722; x_wconf 85' lang='lat' dir='ltr'>&amp;Hos-</span> 
     </span>
     <span class='ocr_line' id='line_1_30' title="bbox 387 3740 1413 3829; baseline 0.002 -23"><span class='ocrx_word' id='word_1_233' title='bbox 387 3744 487 3828; x_wconf 89' lang='lat' dir='ltr'>pitalis</span> <span class='ocrx_word' id='word_1_234' title='bbox 501 3740 649 3820; x_wconf 79' lang='lat' dir='ltr'>obsident,</span> <span class='ocrx_word' id='word_1_235' title='bbox 662 3743 692 3806; x_wconf 75' lang='grc' dir='ltr'>δι</span> <span class='ocrx_word' id='word_1_236' title='bbox 705 3764 742 3805; x_wconf 87' lang='lat' dir='ltr'>ea</span> <span class='ocrx_word' id='word_1_237' title='bbox 756 3743 878 3808; x_wconf 82' lang='lat' dir='ltr'>diversis</span> <span class='ocrx_word' id='word_1_238' title='bbox 893 3745 1041 3809; x_wconf 88' lang='lat' dir='ltr'>machinis</span> <span class='ocrx_word' id='word_1_239' title='bbox 1056 3746 1278 3829; x_wconf 85' lang='lat' dir='ltr'>impugnantes,</span> <span class='ocrx_word' id='word_1_240' title='bbox 1293 3749 1323 3809; x_wconf 94' lang='lat' dir='ltr'>in</span> <span class='ocrx_word' id='word_1_241' title='bbox 1335 3746 1413 3809; x_wconf 85' lang='lat' dir='ltr'>cras-</span> 
     </span>
     <span class='ocr_line' id='line_1_31' title="bbox 387 3829 1565 3917; baseline -0.001 -22"><span class='ocrx_word' id='word_1_242' title='bbox 387 3837 453 3896; x_wconf 88' lang='lat' dir='ltr'>tino</span> <span class='ocrx_word' id='word_1_243' title='bbox 469 3831 550 3894; x_wconf 90' lang='lat' dir='ltr'>beati</span> <span class='ocrx_word' id='word_1_244' title='bbox 564 3829 665 3914; x_wconf 89' lang='lat' dir='ltr'>Egidij</span> <span class='ocrx_word' id='word_1_245' title='bbox 683 3831 713 3893; x_wconf 92' lang='lat' dir='ltr'>in</span> <span class='ocrx_word' id='word_1_246' title='bbox 729 3830 810 3892; x_wconf 91' lang='lat' dir='ltr'>suam</span> <span class='ocrx_word' id='word_1_247' title='bbox 826 3833 967 3915; x_wconf 91' lang='lat' dir='ltr'>redigunt</span> <span class='ocrx_word' id='word_1_248' title='bbox 982 3832 1168 3914; x_wconf 88' lang='lat' dir='ltr'>potestatem.</span> <span class='ocrx_word' id='word_1_249' title='bbox 1184 3833 1329 3917; x_wconf 89' lang='lat' dir='ltr'>Cumque</span> <span class='ocrx_word' id='word_1_250' title='bbox 1343 3834 1381 3897; x_wconf 79' lang='lat' dir='ltr'>stc</span> <span class='ocrx_word' id='word_1_251' title='bbox 1396 3856 1413 3897; x_wconf 94' lang='lat' dir='ltr'>a</span> <span class='ocrx_word' id='word_1_252' title='bbox 1426 3848 1565 3912; x_wconf 69' lang='lat' dir='ltr'>septenne</span> 
     </span>
     <span class='ocr_line' id='line_1_32' title="bbox 386 3919 1412 4005; baseline -0.001 -21"><span class='ocrx_word' id='word_1_253' title='bbox 386 3935 477 4005; x_wconf 88' lang='lat' dir='ltr'>geute</span> <span class='ocrx_word' id='word_1_254' title='bbox 498 3919 616 4002; x_wconf 88' lang='lat' dir='ltr'>imperij</span> <span class='ocrx_word' id='word_1_255' title='bbox 639 3934 704 3980; x_wconf 90' lang='lat' dir='ltr'>tota</span> <span class='ocrx_word' id='word_1_256' title='bbox 725 3919 831 3982; x_wconf 90' lang='lat' dir='ltr'>civitas</span> <span class='ocrx_word' id='word_1_257' title='bbox 853 3936 1013 3998; x_wconf 90' lang='lat' dir='ltr'>teneretur,</span> <span class='ocrx_word' id='word_1_258' title='bbox 1037 3921 1138 3999; x_wconf 87' lang='lat' dir='ltr'>nostri,</span> <span class='ocrx_word' id='word_1_259' title='bbox 1162 3923 1214 4005; x_wconf 93' lang='lat' dir='ltr'>qui</span> <span class='ocrx_word' id='word_1_260' title='bbox 1232 3923 1313 4005; x_wconf 80' lang='lat' dir='ltr'>quasi</span> <span class='ocrx_word' id='word_1_261' title='bbox 1332 3924 1412 4004; x_wconf 89' lang='lat' dir='ltr'>capti</span> 
     </span>
     <span class='ocr_line' id='line_1_33' title="bbox 386 4005 1413 4089; baseline 0.002 -17"><span class='ocrx_word' id='word_1_262' title='bbox 386 4007 598 4086; x_wconf 88' lang='lat' dir='ltr'>remanserant,</span> <span class='ocrx_word' id='word_1_263' title='bbox 621 4005 700 4087; x_wconf 87' lang='lat' dir='ltr'>apud</span> <span class='ocrx_word' id='word_1_264' title='bbox 717 4005 893 4070; x_wconf 84' lang='lat' dir='ltr'>Damietam</span> <span class='ocrx_word' id='word_1_265' title='bbox 916 4009 1045 4072; x_wconf 89' lang='lat' dir='ltr'>nuncios</span> <span class='ocrx_word' id='word_1_266' title='bbox 1067 4009 1221 4089; x_wconf 90' lang='lat' dir='ltr'>miserunt,</span> <span class='ocrx_word' id='word_1_267' title='bbox 1235 4011 1413 4075; x_wconf 87' lang='lat' dir='ltr'>mandantes</span> 
     </span>
     <span class='ocr_line' id='line_1_34' title="bbox 387 4092 1414 4182; baseline 0.002 -24"><span class='ocrx_word' id='word_1_268' title='bbox 387 4098 482 4182; x_wconf 87' lang='lat' dir='ltr'>quod,</span> <span class='ocrx_word' id='word_1_269' title='bbox 505 4095 558 4158; x_wconf 81' lang='lat' dir='ltr'>nisi</span> <span class='ocrx_word' id='word_1_270' title='bbox 582 4095 688 4156; x_wconf 88' lang='lat' dir='ltr'>civitas</span> <span class='ocrx_word' id='word_1_271' title='bbox 712 4092 857 4158; x_wconf 89' lang='lat' dir='ltr'>Damiate</span> <span class='ocrx_word' id='word_1_272' title='bbox 881 4095 1021 4179; x_wconf 86' lang='lat' dir='ltr'>Egyptiis</span> <span class='ocrx_word' id='word_1_273' title='bbox 1047 4098 1234 4177; x_wconf 88' lang='lat' dir='ltr'>redderetur,</span> <span class='ocrx_word' id='word_1_274' title='bbox 1257 4098 1328 4162; x_wconf 90' lang='lat' dir='ltr'>loco</span> <span class='ocrx_word' id='word_1_275' title='bbox 1350 4101 1414 4161; x_wconf 89' lang='lat' dir='ltr'>eius</span> 
     </span>
     <span class='ocr_line' id='line_1_35' title="bbox 388 4181 1417 4269; baseline 0.002 -23"><span class='ocrx_word' id='word_1_276' title='bbox 388 4182 600 4247; x_wconf 86' lang='lat' dir='ltr'>Acconensem</span> <span class='ocrx_word' id='word_1_277' title='bbox 621 4184 665 4247; x_wconf 89' lang='lat' dir='ltr'>eis</span> <span class='ocrx_word' id='word_1_278' title='bbox 679 4183 838 4246; x_wconf 91' lang='lat' dir='ltr'>redderent</span> <span class='ocrx_word' id='word_1_279' title='bbox 852 4184 1017 4247; x_wconf 87' lang='lat' dir='ltr'>civitatem.</span> <span class='ocrx_word' id='word_1_280' title='bbox 1042 4181 1119 4269; x_wconf 80' lang='lat' dir='ltr'>Quo</span> <span class='ocrx_word' id='word_1_281' title='bbox 1135 4187 1250 4263; x_wconf 93' lang='lat' dir='ltr'>audito,</span> <span class='ocrx_word' id='word_1_282' title='bbox 1271 4188 1417 4249; x_wconf 89' lang='lat' dir='ltr'>convenit</span> 
     </span>
     <span class='ocr_line' id='line_1_36' title="bbox 388 4268 1416 4354; baseline 0.004 -20"><span class='ocrx_word' id='word_1_283' title='bbox 388 4272 494 4335; x_wconf 83' lang='lat' dir='ltr'>civitas</span> <span class='ocrx_word' id='word_1_284' title='bbox 515 4271 652 4334; x_wconf 89' lang='lat' dir='ltr'>universa</span> <span class='ocrx_word' id='word_1_285' title='bbox 676 4271 706 4333; x_wconf 95' lang='lat' dir='ltr'>in</span> <span class='ocrx_word' id='word_1_286' title='bbox 729 4268 854 4334; x_wconf 82' lang='lat' dir='ltr'>ecclesia</span> <span class='ocrx_word' id='word_1_287' title='bbox 874 4272 961 4335; x_wconf 88' lang='lat' dir='ltr'>beate</span> <span class='ocrx_word' id='word_1_288' title='bbox 984 4272 1126 4354; x_wconf 81' lang='lat' dir='ltr'>Virginis,</span> <span class='ocrx_word' id='word_1_289' title='bbox 1151 4288 1185 4335; x_wconf 92' lang='lat' dir='ltr'>ut</span> <span class='ocrx_word' id='word_1_290' title='bbox 1205 4274 1416 4352; x_wconf 87' lang='lat' dir='ltr'>deliberarent,</span> 
     </span>
     <span class='ocr_line' id='line_1_37' title="bbox 388 4357 1417 4443; baseline 0.003 -22"><span class='ocrx_word' id='word_1_291' title='bbox 388 4359 462 4443; x_wconf 91' lang='lat' dir='ltr'>quid</span> <span class='ocrx_word' id='word_1_292' title='bbox 477 4357 565 4442; x_wconf 90' lang='lat' dir='ltr'>super</span> <span class='ocrx_word' id='word_1_293' title='bbox 586 4359 646 4421; x_wconf 92' lang='lat' dir='ltr'>boc</span> <span class='ocrx_word' id='word_1_294' title='bbox 667 4358 701 4422; x_wconf 80' lang='lat' dir='ltr'>sit</span> <span class='ocrx_word' id='word_1_295' title='bbox 719 4361 880 4442; x_wconf 89' lang='lat' dir='ltr'>agendum.</span> <span class='ocrx_word' id='word_1_296' title='bbox 905 4361 1055 4422; x_wconf 91' lang='lat' dir='ltr'>Videntes</span> <span class='ocrx_word' id='word_1_297' title='bbox 1077 4359 1179 4443; x_wconf 89' lang='lat' dir='ltr'>itaque</span> <span class='ocrx_word' id='word_1_298' title='bbox 1200 4359 1252 4423; x_wconf 81' lang='lat' dir='ltr'>sibi</span> <span class='ocrx_word' id='word_1_299' title='bbox 1273 4361 1417 4426; x_wconf 90' lang='lat' dir='ltr'>alimenta</span> 
     </span>
     <span class='ocr_line' id='line_1_38' title="bbox 390 4445 1415 4533; baseline 0.003 -25"><span class='ocrx_word' id='word_1_300' title='bbox 390 4445 528 4525; x_wconf 86' lang='lat' dir='ltr'>deficere,</span> <span class='ocrx_word' id='word_1_301' title='bbox 541 4445 572 4508; x_wconf 77' lang='lat' dir='ltr'>dr</span> <span class='ocrx_word' id='word_1_302' title='bbox 585 4446 680 4529; x_wconf 92' lang='lat' dir='ltr'>quod,</span> <span class='ocrx_word' id='word_1_303' title='bbox 697 4448 876 4510; x_wconf 90' lang='lat' dir='ltr'>imminente</span> <span class='ocrx_word' id='word_1_304' title='bbox 891 4447 1009 4530; x_wconf 86' lang='lat' dir='ltr'>hyeme,</span> <span class='ocrx_word' id='word_1_305' title='bbox 1030 4467 1092 4508; x_wconf 92' lang='lat' dir='ltr'>non</span> <span class='ocrx_word' id='word_1_306' title='bbox 1108 4463 1227 4529; x_wconf 90' lang='lat' dir='ltr'>poterat</span> <span class='ocrx_word' id='word_1_307' title='bbox 1240 4450 1283 4513; x_wconf 91' lang='lat' dir='ltr'>eis</span> <span class='ocrx_word' id='word_1_308' title='bbox 1298 4450 1415 4533; x_wconf 90' lang='lat' dir='ltr'>aliqua-</span> 
     </span>
     <span class='ocr_line' id='line_1_39' title="bbox 390 4533 1416 4619; baseline 0.001 -22"><span class='ocrx_word' id='word_1_309' title='bbox 390 4549 478 4597; x_wconf 88' lang='lat' dir='ltr'>tenus</span> <span class='ocrx_word' id='word_1_310' title='bbox 492 4533 651 4613; x_wconf 81' lang='lat' dir='ltr'>subveniri,</span> <span class='ocrx_word' id='word_1_311' title='bbox 671 4534 825 4617; x_wconf 91' lang='lat' dir='ltr'>maiusque</span> <span class='ocrx_word' id='word_1_312' title='bbox 840 4536 986 4597; x_wconf 89' lang='lat' dir='ltr'>danmum</span> <span class='ocrx_word' id='word_1_313' title='bbox 1001 4535 1211 4597; x_wconf 89' lang='lat' dir='ltr'>Acconensem</span> <span class='ocrx_word' id='word_1_314' title='bbox 1226 4537 1333 4598; x_wconf 93' lang='lat' dir='ltr'>urbem</span> <span class='ocrx_word' id='word_1_315' title='bbox 1348 4558 1416 4619; x_wconf 90' lang='lat' dir='ltr'>per·</span> 
     </span>
     <span class='ocr_line' id='line_1_40' title="bbox 391 4621 1417 4706; baseline 0.002 -22"><span class='ocrx_word' id='word_1_316' title='bbox 391 4621 494 4685; x_wconf 90' lang='lat' dir='ltr'>dendo</span> <span class='ocrx_word' id='word_1_317' title='bbox 508 4643 601 4704; x_wconf 87' lang='lat' dir='ltr'>quam</span> <span class='ocrx_word' id='word_1_318' title='bbox 617 4621 794 4686; x_wconf 88' lang='lat' dir='ltr'>Damietam</span> <span class='ocrx_word' id='word_1_319' title='bbox 816 4622 915 4686; x_wconf 90' lang='lat' dir='ltr'>taliter</span> <span class='ocrx_word' id='word_1_320' title='bbox 928 4623 1088 4685; x_wconf 90' lang='lat' dir='ltr'>retinendo</span> <span class='ocrx_word' id='word_1_321' title='bbox 1105 4622 1292 4706; x_wconf 88' lang='lat' dir='ltr'>[emergere],</span> <span class='ocrx_word' id='word_1_322' title='bbox 1312 4625 1417 4687; x_wconf 90' lang='lat' dir='ltr'>habito</span> 
     </span>
     <span class='ocr_line' id='line_1_41' title="bbox 391 4709 1420 4793; baseline 0.003 -22"><span class='ocrx_word' id='word_1_323' title='bbox 391 4710 562 4792; x_wconf 88' lang='lat' dir='ltr'>peritorum</span> <span class='ocrx_word' id='word_1_324' title='bbox 585 4709 723 4789; x_wconf 80' lang='lat' dir='ltr'>consilio,</span> <span class='ocrx_word' id='word_1_325' title='bbox 745 4709 902 4773; x_wconf 87' lang='lat' dir='ltr'>civitatem</span> <span class='ocrx_word' id='word_1_326' title='bbox 922 4709 1061 4793; x_wconf 85' lang='lat' dir='ltr'>Egyptiis</span> <span class='ocrx_word' id='word_1_327' title='bbox 1089 4712 1272 4774; x_wconf 89' lang='lat' dir='ltr'>unanimiter</span> <span class='ocrx_word' id='word_1_328' title='bbox 1295 4713 1420 4774; x_wconf 88' lang='lat' dir='ltr'>reddere</span> 
     </span>
     <span class='ocr_line' id='line_1_42' title="bbox 392 4797 600 4860; baseline 0 -1"><span class='ocrx_word' id='word_1_329' title='bbox 392 4797 600 4860; x_wconf 87' lang='lat' dir='ltr'>decreverunt.</span> 
     </span>
     <span class='ocr_line' id='line_1_43' title="bbox 547 4901 1293 4944; baseline 0.004 -4"><span class='ocrx_word' id='word_1_330' title='bbox 547 4901 568 4940; x_wconf 82' lang='grc' dir='ltr'>τ</span> <span class='ocrx_word' id='word_1_331' title='bbox 1262 4908 1293 4944; x_wconf 84' lang='lat'>12</span> 
     </span>
    </p>
   </div>
   <div class='ocr_carea' id='block_1_3' title="bbox 0 0 2196 6564">
    <p class='ocr_par' dir='ltr' id='par_1_3' title="bbox 0 0 2196 6564">
     <span class='ocr_line' id='line_1_44' title="bbox 0 0 2196 6564; baseline 0 0"><span class='ocrx_word' id='word_1_332' title='bbox 0 0 2196 6564; x_wconf 95' lang='lat' dir='ltr'> </span> 
     </span>
    </p>
   </div>
  </div>
 </body>
</html>
