4168 6502
821 1029 909 1116 274
992 997 1234 1126 Testimonio
1265 994 1458 1088 initalia
1478 997 1660 1124 scripto.

745 1279 800 1314 rear
816 1259 871 1309 sunt
885 1257 962 1327 ipsam
975 1257 1123 1310 Damiatam
1138 1256 1174 1310 eie
1194 1257 1328 1322 restituere,
1339 1257 1388 1309 hoc
1405 1267 1490 1308 tamen
1509 1255 1602 1322 ledere,
1621 1256 1691 1325 quod
1708 1257 1751 1327 ipsr
1769 1259 1839 1310 Sarr-

815 1336 872 1390 ceni
883 1354 971 1390 omnes
982 1337 1134 1403 christianos,
1147 1355 1210 1406 quoa
1222 1337 1337 1408 captivos
1350 1337 1497 1402 retinebant,
1511 1336 1602 1390 liberor
1614 1338 1784 1390 demitterent.

1024 1560 1099 1638 199·
1128 1541 1282 1610 FLAvrus
1306 1540 1475 1610 Bionnos
1500 1550 1638 1620 (†1463),

1146 1717 1350 1804 Historiarum
1374 1715 1509 1782 decades.

1173 1889 1283 1952 [Venet,
1298 1891 1373 1951 ¹483,
1384 1883 1481 1949 in·iol.]

1315 2019 1333 2060 =l¹

1170 2154 1267 2218 Deras
1281 2153 1326 2234 II,
1340 2155 1388 2218 dl.
1405 2154 1437 2220 V
1433 2154 1477 2218 II.

1019 2302 1071 2367 [Pro
1082 2319 1161 2366 ΜΨ
1168 2305 1334 2368 panejeqnieur
1345 2305 1456 2352 Imm
1467 2303 1493 2351 ἅ
1504 2303 1635 2368 ΜΨ]

745 2477 802 2525 12¹3
856 2455 975 2520 Interea
989 2455 1142 2538 principes
1150 2454 1311 2534 christiani,
1320 2477 1399 2537 quos
1411 2457 1489 2537 tertij
1500 2454 1671 2539 innocentij
1681 2457 1838 2541 diligentia
1851 2487 1871 2532 p.
1880 2471 1899 2530 xj
1906 2489 1922 2517 r.

816 2544 846 2607 δι
860 2539 1069 2607 Lateranensrs
1080 2541 1201 2625 concilij
1218 2545 1341 2606 decreta
1354 2544 1390 2606 ad
1403 2542 1615 2627 Hierosolyma
1625 2543 1838 2610 liberationem

816 2632 1086 2710 inflammaverant,
1100 2631 1131 2692 in
1145 2650 1290 2712 magnum
1304 2634 1461 2694 conierant
1471 2633 1650 2711 exercitum,
1660 2634 1714 2715 qui
1728 2637 1838 2715 partim

816 2736 897 2783 terra
929 2720 1040 2801 partim
1074 2719 1147 2781 mari
1183 2718 1494 2801 Constantinopolim,
1520 2720 1551 2782 dr
1580 2719 1651 2782 inde
1683 2721 1838 2787 cardinale

744 2823 802 2868 ¹2¹7
816 2809 981 2886 Columna,
1002 2806 1078 2880 sedis
1100 2807 1266 2889 apostolice
1287 2807 1397 2890 legato,
1420 2809 1600 2888 deducente,
1625 2810 1785 2872 Acconem
1812 2811 1839 2874 se

814 2895 1016 2972 contulerant,
1029 2894 1211 2976 lireruntque
1225 2895 1359 2976 primarij
1375 2895 1453 2958 inter
1467 2917 1519 2957 eos
1534 2917 1677 2978 proceres
1689 2897 1839 2974 Andreae,

816 2984 970 3066 Hungarie
996 3003 1059 3061 rex,
1087 2982 1275 3044 Venetorum
1310 2983 1432 3066 navigio
1460 2986 1562 3061 fretus,
1589 2988 1672 3066 quod
1708 2985 1840 3047 libenter

815 3072 969 3149 dederant,
981 3071 1053 3154 quia
1066 3069 1113 3132 ius
1127 3071 1171 3132 eis
1185 3070 1274 3148 cellit,
1289 3072 1372 3153 quod
1387 3073 1420 3132 in
1434 3073 1519 3134 omni
1534 3071 1691 3136 Dalmatia
1710 3093 1840 3156 regnum

816 3161 972 3243 Hungarie
987 3158 1023 3220 ad
1038 3178 1105 3219 eam
1121 3158 1202 3219 diem
1223 3158 1377 3237 habuerat,
1398 3158 1428 3221 δι
1448 3160 1510 3221 dux
1528 3159 1659 3239 Austrie,
1673 3160 1840 3223 Henricus-

814 3270 874 3332 que
895 3242 1093 3311 Nivernensrs
1114 3266 1228 3323 comes,
1246 3245 1276 3307 &
1292 3244 1471 3310 Gualterius
1489 3247 1568 3331 regis
1588 3246 1614 3311 F
1616 3249 1716 3311 rancie
1736 3269 1839 3311 came·

743 3347 801 3394 1218
813 3338 916 3399 rarius.
938 3333 1062 3421 Quibus
1076 3331 1184 3395 loanni
1199 3333 1412 3418 Hierosolyme
1434 3336 1496 3418 regi
1515 3336 1697 3415 conlundiis,
1712 3337 1742 3398 in
1763 3359 1841 3401 con-

814 3423 887 3486 cilio
901 3423 1003 3485 adium
1023 3420 1075 3501 est,
1098 3421 1273 3484 Damiatam
1293 3421 1417 3506 Egypti,
1438 3424 1546 3486 urbem
1561 3423 1638 3486 Nilo
1653 3425 1841 3508 contiguam,

813 3528 847 3574 ut
883 3511 1010 3593 primam
1039 3509 1177 3571 omnium
1205 3527 1357 3590 caperent,
1390 3511 1596 3575 adnitendum.
1625 3511 1671 3575 Ea
1696 3513 1782 3575 enim
1810 3513 1841 3574 in

815 3599 961 3681 potestate
982 3599 1060 3661 fabia
1081 3598 1245 3679 apparebat
1264 3597 1399 3680 Cayrum
1422 3598 1452 3661 δι
1472 3600 1661 3683 Babylonem
1680 3600 1841 3684 contiguas

814 3687 902 3750 urbes
926 3685 1118 3769 ampliffimas
1139 3683 1170 3747 br
1193 3685 1358 3747 commode
1372 3685 1497 3749 obsideri
1519 3684 1602 3770 poli'e
1623 3685 1841 3750 &interclusas

813 3789 987 3837 commeatu
1004 3773 1145 3837 facillime
1159 3774 1336 3856 expugnari,
1350 3794 1413 3854 quo
1423 3773 1625 3838 Soldanorum
1635 3776 1733 3858 gentis
1747 3773 1841 3836 sarra-

813 3885 889 3928 cene
904 3863 1078 3946 principum
1093 3859 1253 3923 domicilio
1268 3863 1299 3923 in
1314 3860 1545 3924 christianorum
1560 3863 1737 3944 potestatem
1758 3861 1840 3923 fadio

814 3952 948 4013 futurum
972 3949 1177 4026 confidebant,
1201 3966 1235 4011 ut
1259 3949 1358 4012 omnis
1380 3969 1415 4010 ea
1433 3949 1585 4013 barbaries
1606 3949 1757 4013 sarracena
1776 3971 1839 4011 non

816 4038 911 4100 solum
927 4036 1185 4122 Hierosolyma&
1206 4036 1307 4098 Terra
1322 4035 1439 4115 saneta,
1458 4036 1505 4098 sed
1518 4037 1591 4099 orbe
1606 4037 1667 4120 ipso
1689 4054 1839 4100 terrarum

814 4128 1073 4190 exterminaretur.
1098 4123 1180 4187 ltum
1205 4122 1248 4186 eli
1272 4127 1374 4208 itaque
1397 4145 1459 4186 non
1488 4125 1583 4208 magis
1610 4124 1840 4206 cupientiffimis

814 4237 906 4298 quam
929 4214 1154 4277 conlidentibus
1169 4233 1330 4297 procerum
1343 4211 1538 4296 militumque
1556 4213 1675 4292 animis,
1693 4211 1723 4274 δι
1736 4209 1840 4274 mense

773 4305 800 4353 ¹1·
816 4301 905 4365 Maio
933 4303 1003 4365 anni
1029 4301 1128 4364 salutis
1152 4298 1433 4384 duodevigelimi&
1452 4301 1616 4364 duodecies
1632 4301 1753 4363 centeni
1771 4297 1839 4362 Da-

815 4392 907 4453 miate
928 4388 1045 4454 obsidio
1066 4389 1218 4466 inchoata,
1241 4409 1278 4450 ea
1299 4389 1405 4452 civitas
1426 4386 1501 4449 olim
1526 4387 1699 4471 Heliopolis
1724 4408 1741 4448 a
1766 4385 1840 4450 Per·

814 4481 912 4543 tinace
927 4477 1020 4541 Helio
1035 4475 1196 4539 conditore
1218 4475 1377 4558 appellata,
1396 4473 1509 4557 triplici
1527 4495 1685 4536 murorum
1699 4472 1839 4536 latericio

814 4567 1049 4629 denliffimorum
1067 4563 1259 4625 munimento
1273 4563 1414 4645 cingitur,
1428 4583 1520 4645 quam
1535 4560 1602 4625 Nili
1623 4561 1719 4624 amnis
1740 4562 1838 4644 parti·

814 4654 883 4716 cula
905 4655 941 4715 ad
964 4652 1083 4714 romani
1099 4650 1235 4732 Tyberis
1260 4650 1499 4730 magnitudinem
1523 4649 1628 4726 ambit,
1652 4664 1686 4710 ut
1699 4645 1839 4726 insulam,

814 4741 861 4804 sed
878 4741 1042 4823 oblongam
1056 4739 1242 4820 ardiamque,
1262 4737 1379 4800 efficiat.
1400 4737 1513 4801 Turris
1534 4752 1598 4799 erat
1625 4738 1746 4818 pharea,
1770 4756 1834 4798 non
