4336 6572
767 963 825 1054 68
880 961 1114 1091 Testimonio
1136 961 1177 1052 in
1198 959 1360 1090 Magno
1382 959 1486 1052 Brit.
1498 959 1678 1086 scripto.

765 1222 885 1282 suerunt
900 1217 1049 1280 Ranulfus
1066 1216 1182 1281 Cestrie
1197 1216 1226 1278 δι
1240 1216 1421 1279 Willelmus
1437 1215 1564 1300 Derbye
1579 1218 1718 1296 comites,
1732 1219 1789 1281 viri

766 1307 875 1370 strenui
890 1306 919 1368 δι
935 1303 1048 1368 samofi.
1063 1303 1203 1384 loannes,
1218 1327 1270 1367 rex
1283 1302 1447 1367 Ierusalem
1462 1306 1492 1368 δι
1511 1304 1572 1367 dux
1587 1305 1720 1385 Austrie,
1733 1329 1788 1368 co-

765 1397 897 1457 adunato
911 1394 1044 1456 exercitu
1059 1393 1160 1456 valido
1174 1415 1212 1455 cx
1227 1393 1421 1455 multitudine
1442 1394 1669 1475 peregrinorum
1690 1395 1789 1456 natio-

764 1503 839 1544 num
853 1481 1047 1559 diversarum,
1060 1481 1215 1542 civitatem
1231 1479 1408 1543 Damietam
1423 1481 1614 1543 obsederunt.
1636 1482 1789 1565 Ceperant

765 1587 866 1633 autem
882 1569 963 1650 prius
977 1589 1049 1632 cum
1063 1568 1165 1632 labore
1178 1570 1311 1635 maximo
1328 1570 1434 1632 turrim
1454 1570 1608 1651 quandam
1632 1571 1789 1634 munitiffi-

765 1680 846 1721 mam
861 1659 892 1718 in
906 1655 1026 1719 alveolo
1040 1656 1173 1719 fluminis
1188 1654 1280 1720 sitam.

693 1799 752 1848 ¹²¹9
799 1784 867 1836 Urbs
879 1780 1093 1852 ierosolymitana,
1114 1782 1171 1834 licet
1187 1780 1385 1851 inexpugnabilis
1405 1781 1538 1846 videretur,
1550 1801 1565 1834 a
1585 1782 1724 1847 Coradino,
1736 1781 1789 1834 filio
1800 1804 1820 1849 p.
1833 1801 1880 1846 ²04

764 1860 899 1931 Saphadini
913 1873 987 1930 capta
1008 1860 1055 1912 eil:
1073 1861 1142 1913 cuius
1160 1879 1244 1914 muros
1265 1879 1323 1914 curn
1343 1861 1452 1913 turribus
1474 1862 1563 1914 evertit
1585 1863 1609 1914 δι
1630 1862 1654 1914 io
1677 1861 1788 1932 lapidum

763 1958 866 1995 acervos
888 1940 996 2008 redegit:
1022 1940 1117 2010 templo
1136 1952 1234 1993 tantum
1254 1943 1278 1992 ilc
1295 1941 1356 1992 turri
1374 1941 1460 1993 David
1482 1941 1581 2006 detulit,
1604 1942 1790 2010 Dominicoque

762 2020 882 2089 sepulcro.
896 2020 1012 2072 Credunt
1031 2037 1139 2088 namque
1159 2020 1297 2072 Dominum
1320 2020 1401 2071 Iesum
1417 2035 1538 2088 magnum
1556 2019 1626 2072 fuisse
1642 2020 1788 2090 prophetam

762 2101 786 2152 δι
799 2100 831 2152 de
844 2098 939 2167 virgine
952 2111 1048 2164 natum,
1062 2100 1224 2168 ingentiaque
1237 2098 1359 2150 miracula
1371 2097 1463 2163 fecisse,
1472 2111 1547 2167 prout
1559 2101 1583 2150 in
1597 2116 1685 2152 eorum
1697 2099 1790 2168 legitur

761 2179 901 2232 Alcorsno.
916 2177 1046 2231 Christiani
1057 2196 1116 2229 vero
1125 2180 1150 2230 in
1158 2179 1285 2230 obfidione
1295 2178 1414 2232 Damiate
1426 2179 1568 2247 frequentes
1577 2180 1665 2230 dantes
1675 2177 1788 2245 affoltus,

761 2276 806 2327 per
827 2269 908 2309 totam
927 2258 1028 2309 estatem
1050 2258 1183 2327 plurimum
1204 2258 1358 2324 laborantes,
1370 2257 1527 2326 proficientes
1547 2276 1635 2327 parum
1657 2271 1701 2311 aut
1718 2259 1787 2312 nibil.

648 2338 851 2412 Aug.291ndle
875 2353 935 2389 vero
962 2337 1143 2390 Decollatiouis
1163 2337 1240 2390 sansli
1266 2337 1363 2388 loannis
1387 2337 1506 2405 Baptiste,
1535 2337 1664 2390 Sarraceni
1689 2337 1787 2406 copiam

761 2416 874 2467 secerunt
893 2432 986 2485 pugne,
1002 2415 1027 2467 in
1044 2432 1094 2484 qua
1111 2415 1184 2467 multi
1201 2415 1388 2467 christianorum
1405 2414 1500 2466 nobiles
1513 2414 1584 2466 occisi
1598 2415 1652 2467 stmt
1669 2417 1692 2466 a
1710 2415 1786 2484 capti.

761 2494 953 2564 Superveniente
972 2511 1031 2545 vero
1052 2495 1239 2562 peregrinorum
1259 2492 1360 2560 auxilio,
1372 2509 1480 2562 quorum
1503 2492 1633 2544 Savaricus
1650 2493 1683 2545 de
1702 2493 1789 2545 Malo-

663 2587 723 2634 Nor.
735 2601 747 2648 ς
762 2581 848 2630 Leone
860 2585 914 2625 etat
924 2573 1077 2643 capitaneus,
1091 2573 1331 2642 reparaturobsrdio.
1345 2574 1424 2624 Nonis
1432 2589 1492 2624 vero
1503 2571 1653 2624 Novembris
1663 2586 1788 2625 annuente

761 2652 874 2706 Domino
896 2651 951 2703 Iesu
970 2651 1066 2704 Christo
1092 2651 1238 2703 &domino
1260 2650 1364 2718 Pelagio
1390 2648 1528 2702 Albanensr
1548 2651 1666 2719 episcopo
1688 2650 1788 2702 solerter
1800 2680 1821 2725 p,
1833 2675 1876 2723 205

760 2743 860 2802 agente,
879 2731 975 2801 capitur
995 2731 1115 2784 Damiata
1133 2732 1157 2783 in
1175 2729 1252 2782 oculis
1271 2731 1334 2798 regis
1357 2729 1505 2800 Babylonis,
1526 2729 1569 2799 qui
1589 2729 1674 2782 divino
1695 2743 1788 2782 terrore

759 2808 895 2882 perculsus,
907 2809 995 2861 milites
1013 2809 1154 2861 christianos
1169 2827 1238 2861 more
1255 2809 1375 2860 consueto
1392 2809 1497 2877 aggredi
1514 2825 1564 2860 non
1586 2809 1619 2860 est
1639 2809 1720 2860 ausus.
1744 2809 1788 2862 Est

759 2904 843 2944 autem
858 2889 977 2943 Damiata
990 2889 1077 2942 civitas
1092 2888 1188 2959 Egypti
1203 2889 1328 2940 maritima
1347 2888 1371 2939 in
1390 2902 1455 2940 terra
1475 2887 1569 2940 Gelsen
1588 2888 1652 2940 inter
1670 2886 1787 2942 Rameffe

759 2973 783 3024 a
797 2972 985 3039 Campotaneos
998 2969 1050 3035 sita,
1064 2970 1217 3022 antemurale
1230 2969 1307 3021 totius
1319 2969 1426 3038 Egypti,
1439 2969 1579 3038 Heliopolis
1592 2969 1659 3020 dista
1671 2968 1740 3021 olim.

687 3077 747 3112 1220
796 3053 855 3102 Hoc
866 3065 933 3100 auno
946 3059 1065 3118 ceperunt
1077 3048 1198 3100 christiani
1211 3047 1337 3100 civitatem
1352 3049 1449 3118 Egypti
1460 3048 1542 3100 Tanis
1554 3064 1603 3100 non
1614 3048 1703 3100 minori
1713 3048 1788 3102 mira·
1799 3073 1820 3118 p.
1832 3056 1876 3102 206

759 3128 824 3196 culo,
838 3145 914 3199 quarn
929 3128 996 3197 prius
1008 3141 1127 3199 ceperant
1140 3128 1296 3181 Damiatam.

798 3239 870 3303 Hoc
885 3262 965 3304 anno
986 3243 1017 3303 in
1038 3242 1146 3304 itinere
1167 3241 1416 3324 peregrinationis
1430 3237 1680 3322 lerosolymitane
1699 3237 1787 3301 Hen-

759 3329 840 3392 ricus
864 3332 902 3392 de
926 3329 1016 3392 Boun
1042 3327 1252 3392 Herfordenfis
1274 3329 1303 3392 &
1327 3331 1423 3391 Saerus
1448 3328 1485 3390 de
1513 3326 1631 3414 Quinci
1656 3329 1785 3390 comites

758 3417 908 3481 obiemnc

686 3565 742 3600 122,
793 3533 920 3602 Pelagius,
932 3533 1065 3602 apostolice
1078 3533 1140 3585 sedis
1153 3535 1251 3602 legatus
1260 3535 1286 3586 in
1296 3535 1379 3586 Terra
1394 3535 1491 3599 Sansla,
1504 3533 1529 3584 in
1538 3532 1600 3584 fello
1614 3532 1784 3602 apostolorum
1799 3556 1820 3601 p.
1832 3539 1877 3586 208

653 3613 702 3660 Iun.
715 3629 744 3676 ²9
759 3612 828 3663 Petri
843 3613 867 3664 δι
882 3613 956 3666 Pauli
970 3630 1028 3665 cum
1048 3631 1140 3682 magna
1157 3626 1228 3682 parte
1243 3614 1364 3666 exercitus
1383 3614 1465 3666 versus
1481 3612 1638 3684 Babylonem
1652 3613 1786 3681 proseslus,

757 3708 815 3743 cum
829 3691 862 3744 ad
874 3692 957 3745 locum
966 3693 1086 3759 medium,
1095 3694 1139 3745 ubi
1151 3695 1222 3746 Nilus
1230 3693 1254 3745 in
1265 3693 1313 3744 tria
1321 3711 1415 3762 magna
1425 3693 1527 3745 flumina
1537 3694 1663 3760 scinditur,
1674 3692 1784 3760 venisset,

757 3784 883 3842 occupato
901 3786 986 3842 ponte,
1005 3792 1080 3843 quem
1099 3775 1140 3840 [de
1157 3775 1271 3840 navibus]
1290 3774 1417 3827 Sarraceni
1434 3773 1628 3840 construxerant,
1642 3777 1666 3828 in
1684 3774 1786 3845 planitie

756 3851 844 3904 littoris
858 3854 964 3905 tentoria
977 3851 1020 3923 figi
1029 3854 1100 3906 iussit.
1113 3855 1237 3906 Soldanus
1251 3856 1394 3907 christianos
1409 3855 1532 3907 ferventes
1544 3853 1594 3907 else
1605 3855 1737 3908 attendens
1753 3854 1786 3906 ad

756 3950 868 4002 pugnam
882 3934 963 3986 noluit
975 3946 1062 4003 aperto
1076 3947 1155 3986 marte
1169 3934 1313 4004 confligere,
1325 3935 1365 3987 sed
1375 3945 1403 3987 ut
1413 3935 1547 3987 exercitum
1560 3933 1681 4004 affligeret
1694 3935 1786 4000 inedia,

755 4011 883 4082 prohibuit
895 4013 1097 4082 apportationem
1114 4015 1256 4067 vislualiuut
1272 4015 1368 4066 viarum
1389 4015 1499 4067 aditibus
1518 4015 1629 4084 undique
1648 4016 1784 4067 custoditis¹

755 4093 937 4162 Supervenit&
950 4093 1082 4146 inundatio
1094 4094 1210 4164 Nili,que
1224 4107 1305 4146 totam
1318 4107 1418 4160 terram,
1429 4094 1472 4146 ubi
1486 4106 1540 4148 erat
1549 4094 1670 4146 exercitus
1680 4095 1786 4146 Domini

754 4189 890 4240 occupans,
905 4173 983 4241 usque
1001 4173 1034 4224 ad
1054 4191 1164 4242 genuum
1186 4173 1381 4242 profunditatem
1397 4174 1495 4226 resolvit
1512 4173 1536 4225 in
1555 4192 1665 4226 coenum.
1688 4174 1785 4234 Quibus

755 4252 827 4304 malis
847 4254 928 4305 coasts·
956 4253 1012 4304 sunt
1034 4253 1158 4306 christiani
1180 4255 1222 4322 (ea
1245 4254 1369 4322 pastione,
1389 4255 1458 4324 quod
1476 4272 1532 4324 pars
1556 4255 1638 4306 crucis
1660 4255 1786 4307 dominice

755 4351 831 4404 quam
850 4333 967 4385 soldanus
985 4333 1122 4403 Babylonis
1143 4335 1167 4384 st
1185 4333 1303 4386 Damasci
1325 4335 1496 4404 asportaverat
1516 4335 1548 4386 de
1569 4334 1735 4404 lerosolymis,
1751 4333 1785 4386 eis

754 4413 907 4477 redderetur,
919 4412 1131 4480 liberarenturque
1143 4430 1231 4465 omnes
1249 4414 1371 4466 cbrilliani
1384 4415 1487 4484 captivi,
1499 4416 1560 4466 dato
1580 4414 1647 4468 salvo
1660 4416 1784 4467 conduslu

754 4492 831 4561 usque
845 4495 964 4565 Achon),
978 4498 1124 4549 Damiatam
1141 4497 1268 4550 Saracenis
1286 4498 1398 4562 reddere,
1410 4497 1572 4565 induciasque
1586 4497 1610 4548 in
1627 4497 1685 4547 osio
1706 4513 1784 4548 annos

753 4573 864 4642 firmare,
878 4575 960 4644 sicque
979 4577 1107 4640 Domina,
1126 4589 1200 4645 capta
1218 4595 1276 4628 curn
1296 4578 1395 4645 sumptu
1413 4577 1564 4628 maximo&
1582 4576 1677 4640 labore,
1695 4577 1719 4626 tlt
1742 4593 1785 4644 per

754 4670 847 4705 annum
871 4672 886 4704 a
906 4655 1041 4707 christianis
1061 4655 1175 4725 possessa,
1199 4656 1224 4707 in
1250 4657 1389 4708 Nativitate
1408 4655 1516 4725 Virginis
1535 4655 1642 4724 gloriose
1665 4657 1781 4706 Sarrace-

754 4749 844 4785 norum
856 4733 969 4787 domiraio
981 4736 1072 4789 iterum
1087 4736 1120 4789 est
1131 4735 1247 4788 sublesta.
1796 4749 1817 4795 t·
1829 4744 1873 4792 ²09
