4168 6502
685 963 767 1054 232
822 935 927 1061 Tefl.
956 937 997 1025 in
1019 935 1240 1065 Hungorio
1263 929 1302 1023 fr
1322 928 1535 1022 Dalmatio
1545 927 1635 1052 scr.

610 1208 668 1254 12¹8
682 1219 762 1282 rege,
776 1201 916 1263 detenms
930 1199 982 1278 esi,
1002 1221 1060 1262 nec
1073 1215 1143 1262 ante
1156 1199 1239 1262 abire
1254 1195 1419 1281 permissus,
1432 1219 1524 1282 quam
1538 1195 1660 1280 plenam
1673 1195 1701 1258 ei
1713 1218 1734 1264 r·
1746 1215 1790 1263 575

683 1287 871 1350 securitatem
882 1288 1005 1366 faceret,
1018 1290 1070 1371 qui
1085 1289 1113 1350 ei
1128 1288 1209 1349 suam
1223 1285 1316 1349 filiam
1328 1288 1522 1350 matrimonio
1536 1285 1703 1368 copularet.

682 1377 731 1439 Sic
745 1391 846 1438 autem
862 1376 999 1439 Andreas
1020 1396 1071 1438 rex
1093 1377 1341 1460 peregrinationis
1360 1374 1410 1437 sue
1427 1374 1583 1458 completo
1599 1374 1704 1436 itinere

685 1467 721 1525 ad
737 1464 787 1526 sua
801 1485 893 1547 regna
908 1463 1040 1526 reversus
1053 1463 1104 1526 eli.
1123 1465 1193 1528 Nos
1207 1484 1278 1526 vero
1293 1463 1339 1526 his
1354 1464 1485 1527 breviter
1500 1461 1653 1545 prelibatis
1667 1459 1703 1521 ad

684 1553 843 1615 materiam
858 1552 1025 1614 redeamus.
1184 1557 1186 1562 '

754 1805 829 1880 160.
856 1811 1023 1878 chronicon
1040 1811 1253 1901 Hungarorum
1272 1809 1454 1900 Posoniense
1478 1817 1661 1884 (-c.12so).

807 1995 877 2066 [sid.¹
886 1999 928 2050 Fr.
944 1998 1046 2069 Toldy‚
1060 1997 1149 2063 Bada,
1163 2000 1239 2064 ιδῃ,
1254 1996 1319 2062 in·4,
1330 1996 1347 2048 l.
1363 1996 1398 2063 11,
1410 2012 1435 2048 e.
1448 2015 1473 2060 2,
1487 2007 1517 2047 n⁰
1531 1993 1583 2065 3⁶·]

1189 2135 1208 2178 ss

728 2267 798 2333 Post
812 2271 872 2330 hoc
894 2289 946 2330 rex
961 2266 1063 2330 Endre
1077 2267 1210 2330 Terram
1225 2266 1366 2330 Sandam
1380 2266 1508 2329 visitavit
1526 2266 1562 2329 ad
1585 2267 1711 2327 manda·
1723 2289 1745 2334 p·
1758 2273 1788 2334 3⁶

687 2374 752 2420 tum
768 2356 898 2419 Domini
915 2377 1002 2438 pape,
1024 2355 1153 2438 implens
1167 2372 1274 2419 votum
1295 2355 1453 2437 patrissui.
1480 2351 1592 2417 Mansit
1607 2368 1711 2416 autem

686 2447 799 2507 ibidem
814 2446 911 2508 tribus
926 2443 1084 2508 mensibus.

1067 2657 1142 2734 161.
1170 2660 1339 2746 MARCUS,

823 2839 994 2908 Chronicon
1013 2839 1051 2905 de
1065 2842 1158 2930 gestis
1172 2840 1390 2930 Hungaromm
1418 2850 1463 2911 (-
1481 2849 1565 2912 1310).

945 3019 1006 3088 [ad.
1018 3021 1060 3074 Fr.
1074 3019 1174 3093 Toldy,
1185 3018 1285 3086 Pedini,
1299 3023 1375 3086 1867,
1388 3020 1461 3086 ira-41

1188 3158 1209 3202 a

967 3312 1101 3376 Andreas
1115 3311 1199 3374 vadit
1212 3310 1435 3401 lherosolymam.

617 3507 675 3552 1217
731 3475 802 3540 Post
823 3477 881 3539 hec
906 3497 958 3538 rex
974 3477 1114 3540 Andreas
1127 3476 1257 3539 Tenam
1273 3475 1414 3540 Sansiam
1429 3474 1557 3540 visitavit
1580 3475 1616 3538 ad
1632 3496 1718 3538 man-
1729 3504 1753 3549 p.
1765 3486 1797 3544 78

692 3565 798 3628 danim
814 3563 945 3627 Domini
966 3583 1055 3646 pape,
1074 3565 1158 3646 quod
1178 3564 1355 3627 mandatum
1374 3579 1541 3647 acceperat,
1559 3566 1634 3626 dum
1647 3562 1719 3627 esset

693 3653 793 3716 adhue
807 3654 880 3730 dux,
893 3649 969 3714 ficut
982 3652 1111 3714 habetur
1125 3652 1163 3714 de
1177 3668 1251 3714 voto
1266 3651 1296 3714 δι
1309 3654 1375 3717 voti
1391 3654 1600 3735 redemptione
1614 3669 1718 3716 extra:
1763 3711 1770 3726 ,

692 3739 773 3801 Licet
789 3738 938 3824 uniuersis.
964 3737 1052 3824 Quia
1066 3738 1127 3821 ipse
1141 3738 1299 3820 conplevit
1312 3739 1481 3802 &redemit
1493 3755 1601 3802 votum
1617 3740 1718 3822 patris.

692 3825 786 3890 Etibi
802 3828 832 3888 in
846 3825 946 3889 Terra
957 3825 1065 3889 Sandia
1080 3825 1168 3908 super
1188 3827 1355 3888 exercitum
1370 3827 1600 3890 christianorum
1611 3843 1719 3890 contra

692 3915 848 3979 soldanum
874 3913 1043 3997 Babylonio
1068 3915 1243 3995 capitaneus
1267 3913 1298 3977 δι
1323 3916 1386 3977 dux
1410 3915 1565 3997 preficitur
1591 3915 1621 3978 δι
1645 3937 1719 3977 mox

690 4005 790 4067 vietor
819 4003 948 4064 efieitur
975 4000 1129 4084 gloriosus.
1165 4000 1280 4065 Mansit
1306 4019 1408 4066 autem
1436 4004 1532 4066 tribus
1559 3999 1719 4066 mensibus.

692 4091 801 4175 Regali
814 4090 947 4172 denique
962 4090 1109 4152 thezauro
1120 4087 1267 4171 exposito,
1281 4091 1467 4153 diversorum
1482 4092 1652 4154 sanilomm
1666 4109 1721 4173 per

694 4179 790 4262 ipsum
814 4175 941 4260 reliquie
965 4191 1182 4258 conparantur:
1212 4191 1305 4258 caput
1328 4176 1472 4240 videlicet
1495 4177 1586 4241 sansli
1612 4176 1721 4240 Proto-

692 4266 831 4350 martyris
852 4264 995 4347 Stephani
1011 4265 1041 4326 δι
1057 4279 1150 4348 caput
1164 4265 1251 4328 beate
1265 4265 1443 4348 Margarete
1455 4266 1626 4350 virginis&
1639 4285 1720 4327 mar-

693 4357 767 4439 tyris
796 4355 902 4416 dextra
928 4353 1006 4415 berti
1031 4353 1160 4415 Thome
1188 4352 1315 4435 apostoli
1336 4352 1366 4415 δι
1386 4354 1477 4416 sensti
1499 4353 1720 4431 Bartholomei,

693 4445 768 4506 item
779 4443 818 4504 de
827 4441 911 4524 virga
918 4442 1022 4505 Aaron
1032 4439 1130 4503 &una
1141 4443 1180 4503 de
1188 4441 1236 4504 sex
1247 4442 1330 4504 idn'is
1342 4441 1411 4520 illis,
1422 4443 1453 4505 in
1462 4443 1573 4526 quibus
1579 4439 1720 4506 Christus

693 4531 823 4593 metavit
836 4549 946 4611 aquam
961 4529 992 4590 in
1005 4530 1109 4592 vinum
1121 4529 1150 4592 δι
1164 4529 1222 4592 alie
1233 4528 1338 4609 multe,
1352 4549 1427 4612 quas
1442 4531 1543 4613 potuit
1559 4545 1633 4592 tunc
1645 4549 1719 4592 con-

693 4637 827 4702 gregare.
848 4615 1053 4699 Reversusque
1078 4619 1108 4679 in
1124 4617 1313 4700 Hungariam
1327 4637 1399 4679 eum
1414 4618 1550 4698 pretiosis
1566 4618 1720 4680 thezauris

695 4706 877 4783 Morum,
902 4723 1030 4786 regnum
1049 4720 1151 4767 autem
1176 4704 1326 4768 reinvenit
1346 4706 1377 4768 in
1393 4705 1534 4788 prospero
1547 4705 1634 4783 statu,
1657 4725 1720 4766 non
