4336 6572
731 917 782 1039 56
842 919 1077 1048 Testimooio
1098 920 1140 1012 in
1160 919 1327 1052 Magno
1348 921 1448 1016 Brit.
1462 923 1644 1049 scriptu.

649 1187 708 1234 1218
722 1184 831 1236 fluminis
849 1183 911 1249 Nili,
930 1183 965 1236 ita
983 1194 1011 1234 ut
1023 1184 1131 1237 tentoria
1152 1185 1263 1238 fidelium
1281 1203 1339 1239 cum
1352 1187 1501 1241 victualibus
1512 1190 1537 1240 dr
1551 1188 1626 1240 armis
1638 1190 1663 1240 dr
1675 1189 1745 1242 omni

722 1263 861 1334 supelledlili
873 1263 945 1316 nimis
959 1263 1095 1332 dampnose
1108 1264 1234 1317 subvertit.
1258 1267 1315 1325 Que
1327 1268 1460 1336 tempestae
1475 1267 1540 1320 adeo
1551 1267 1674 1336 generalis
1688 1267 1746 1333 suit,

721 1347 790 1415 quod
810 1356 864 1397 tam
877 1355 960 1413 parter
981 1341 1117 1398 occidentis
1130 1361 1207 1415 quam
1220 1344 1330 1411 orientia,
1350 1347 1419 1414 quod
1440 1348 1474 1400 est
1495 1347 1647 1414 inauditum,
1666 1347 1745 1401 borri-

722 1423 802 1478 biliter
816 1425 967 1480 exturbavit.

1077 1605 1231 1692 Obſsdetur
1245 1606 1396 1670 Damiata.

760 1793 880 1856 Eodem
895 1807 1034 1874 ternpore
1050 1790 1199 1874 Pelagius,
1220 1791 1385 1873 apostolice
1400 1791 1475 1855 sedis
1491 1791 1616 1874 legatus,
1638 1793 1744 1856 ardens
1758 1829 1778 1875 p.
1790 1825 1835 1875 ψ

720 1883 833 1946 habens
848 1881 1029 1947 desiderium
1042 1882 1197 1944 civitatem
1214 1879 1358 1944 Damiate
1373 1880 1538 1960 obsidendi,
1556 1881 1745 1946 Christianos

720 1971 786 2054 post
799 1971 974 2053 captionem
986 1972 1086 2050 turris,
1101 1972 1139 2032 de
1151 1992 1211 2052 qua
1222 1970 1335 2032 bonam
1350 1969 1431 2051 spem
1443 1986 1661 2051 conceperunt,
1676 1970 1745 2032 dili·

719 2075 826 2142 genter
840 2058 1057 2134 exhortabatur
1078 2060 1115 2122 ad
1130 2057 1197 2120 Nili
1219 2058 1353 2122 fluminis
1372 2055 1545 2134 transrtum3
1566 2080 1659 2140 quem
1674 2080 1746 2122 cum

720 2147 852 2210 maxima
866 2147 1044 2210 difficultate
1056 2145 1250 2224 transeuntes,
1264 2145 1386 2208 tandem
1398 2146 1553 2208 civitatem
1564 2144 1747 2210 obsederunt

721 2256 773 2316 per
787 2236 888 2318 girum
910 2237 952 2298 ita
966 2237 1048 2318 quod
1070 2257 1127 2296 nec
1149 2255 1203 2314 per
1218 2249 1330 2296 terram
1344 2255 1401 2294 nec
1424 2255 1478 2314 per
1498 2254 1580 2297 mare
1601 2249 1747 2316 poterunt

720 2323 822 2387 obselli
844 2322 982 2386 succursu
1002 2323 1155 2406 gratulari.
1175 2319 1211 2382 In
1233 2343 1294 2404 qua
1314 2320 1469 2383 obfidione
1491 2322 1623 2404 impetus
1644 2324 1746 2406 super·

718 2413 908 2475 venientium
929 2412 1161 2475 sarracenorum
1175 2409 1206 2472 dr
1220 2409 1316 2492 prelia
1329 2409 1581 2488 Christianorum,
1601 2432 1662 2492 que
1681 2411 1746 2494 spe·

719 2499 811 2564 ciales
838 2501 964 2584 exigunt
991 2500 1144 2578 tractatus,
1172 2495 1192 2558 sr
1222 2497 1290 2580 quis
1319 2497 1423 2560 audire
1453 2497 1609 2578 desiderat,
1633 2498 1745 2562 librum

719 2588 854 2670 requirat
866 2587 1129 2670 Templariorum.

823 2779 872 2842 De
882 2779 966 2864 peste,
980 2802 1038 2860 qua
1052 2781 1245 2862 affligebantur
1253 2778 1391 2864 incluſsr'n
1406 2781 1476 2842 urbe
1488 2779 1641 2843 Damiata.

754 2958 829 3010 Nunc
843 2969 927 3010 autem
941 2957 1042 3022 debila,
1062 2957 1149 3026 quein
1164 2955 1266 3010 civitate
1279 2957 1398 3010 Damiate
1412 2957 1481 3025 gella
1495 2956 1558 3021 sunt,
1576 2957 1669 3028 aliquid
1682 2959 1746 3014 rese·
1758 2988 1780 3034 p,
1792 2985 1838 3034 ²34

719 3054 811 3088 ramus.
822 3037 942 3090 Damiata
956 3037 1032 3106 igitur
1044 3037 1172 3089 obsidione
1184 3037 1261 3106 longa
1273 3038 1298 3088 dr
1310 3035 1442 3105 irrequieta
1453 3036 1529 3102 serro,
1546 3037 1623 3104 same,
1638 3039 1745 3093 dammis

719 3116 892 3186 &pestilentia
912 3115 1024 3186 graviter
1040 3117 1141 3168 &ultra
1161 3134 1237 3185 quarn
1259 3116 1326 3168 credi
1346 3115 1418 3185 pollit
1440 3127 1484 3168 aut
1506 3117 1587 3180 scribi,
1613 3119 1698 3172 attrita
1711 3121 1745 3174 est

718 3195 821 3248 interius
836 3197 862 3247 dr
878 3196 987 3262 antium
1009 3197 1033 3248 in
1052 3197 1093 3266 spe
1111 3196 1159 3248 sola
1173 3197 1249 3249 fidem
1266 3195 1363 3261 habuit,
1383 3196 1451 3265 quod
1471 3197 1594 3249 Soldanua
1617 3199 1745 3253 Babilonir

719 3273 815 3331 civibus
832 3287 899 3330 certe
912 3275 1031 3345 promifit,
1051 3287 1080 3328 ut
1093 3293 1139 3344 pro
1151 3275 1195 3340 eis,
1215 3275 1230 3328 sr
1244 3286 1314 3327 tanta
1328 3273 1427 3327 instaret
1440 3274 1577 3341 necessitas,
1590 3294 1648 3329 cum
1663 3279 1745 3332 Chris-

719 3351 791 3406 tianis
811 3367 982 3425 componeret,
1003 3368 1031 3408 ut
1052 3354 1136 3408 saltem
1150 3367 1258 3408 mortem
1281 3354 1387 3407 evadere
1409 3353 1553 3422 potuissent.
1578 3357 1627 3408 Sed
1646 3357 1745 3410 interim

718 3441 790 3484 tanta
803 3431 882 3486 fames
896 3433 920 3486 in
933 3435 995 3486 urbe
1006 3433 1154 3503 generaliter
1166 3432 1279 3491 invaluit,
1296 3443 1326 3484 ut
1341 3449 1419 3483 unum
1432 3433 1564 3486 conanum
1578 3434 1621 3502 xij.
1634 3436 1746 3490 bisauciis

719 3512 876 3565 venderetur.
899 3513 1014 3566 Annona
1028 3512 1140 3582 quidem,
1160 3530 1236 3581 quam
1251 3512 1399 3574 habuerant,
1420 3529 1522 3566 mucore
1544 3514 1746 3578 consumebatur,

718 3607 765 3642 nec
774 3591 902 3644 audebant
914 3609 1037 3662 pauperes
1052 3592 1128 3656 exire,
1140 3609 1170 3642 ne
1182 3590 1302 3660 inopiam,
1315 3605 1391 3655 quam
1402 3589 1484 3642 inclusi
1499 3590 1648 3658 tolerabant,
1663 3581 1746 3648 Chris·

718 3669 791 3722 tianis
802 3683 952 3723 enarrarent.
967 3671 1084 3724 Preterea
1094 3669 1180 3723 aurisia
1190 3670 1401 3740 percutiebantur,
1414 3687 1445 3721 ne
1455 3671 1547 3738 apertis
1559 3673 1638 3726 oculis
1648 3674 1747 3744 poll'ent

718 3748 812 3802 videre.
836 3751 957 3804 Ceterum
980 3749 1051 3802 Nilus
1069 3767 1119 3801 non
1138 3760 1198 3801 tunc
1211 3749 1331 3814 ascendit,
1351 3759 1378 3800 ut
1391 3760 1483 3800 terram
1496 3749 1609 3818 irrigaret
1623 3753 1647 3804 dr
1660 3752 1746 3806 secun-

718 3827 799 3892 daret,
821 3839 849 3880 ut
866 3829 996 3880 annuatim
1013 3828 1120 3881 solebat:
1144 3827 1211 3881 uode
1227 3841 1292 3881 terra
1312 3827 1374 3882 sicca
1392 3845 1438 3882 nec
1458 3828 1481 3880 se
1499 3827 1567 3898 passa
1581 3831 1615 3882 est
1629 3833 1692 3884 arari
1706 3833 1745 3886 vel

718 3905 842 3972 seminari,
856 3925 902 3960 nec
915 3907 1003 3961 babuit
1015 3907 1054 3960 vel
1067 3907 1134 3976 pacis
1145 3908 1182 3960 vel
1193 3907 1303 3960 humoris
1316 3907 1462 3960 alimentum
1476 3908 1513 3960 vel
1529 3909 1653 3963 solatium.
1668 3913 1745 3966 Unde

720 3986 843 4042 soldanus
856 3987 949 4040 samem
963 3987 1052 4040 timens
1065 3987 1182 4051 validam,
1201 4005 1287 4042 amore
1300 3987 1427 4040 retinende
1441 3988 1568 4053 Damiate,
1588 4008 1645 4042 curn
1661 3991 1747 4046 Chris·

719 4065 791 4120 tianis
809 4067 912 4135 pacifice
934 4084 1085 4136 componere
1107 4067 1246 4136 satagebat.
1273 4067 1357 4120 Auxit
1378 4066 1452 4118 etiarn
1472 4068 1504 4118 ad
1518 4069 1671 4138 propositum
1686 4073 1746 4138 tale,

719 4144 854 4200 secundum
869 4158 967 4217 partem
981 4164 1030 4199 non
1043 4146 1183 4212 minimam,
1198 4145 1343 4200 miraculosa
1360 4147 1433 4200 turris
1453 4147 1605 4216 subiugatio,
1626 4151 1746 4204 &Chris-

718 4225 843 4278 tianorum
860 4226 977 4280 indelessa
987 4226 1108 4296 preliandi
1120 4226 1269 4292 constantia,
1281 4227 1323 4295 qui
1337 4227 1430 4278 totiens
1443 4243 1500 4278 eum
1511 4227 1649 4282 admodum
1660 4232 1745 4300 paucis

718 4303 832 4358 fidelibus
845 4324 946 4360 omnem
965 4306 1105 4377 paganismi
1117 4306 1290 4362 fortitudinem
1307 4306 1426 4358 audacter
1444 4305 1599 4373 invadentes,
1618 4309 1650 4361 de
1667 4310 1746 4379 prelio

719 4384 798 4435 multa
810 4384 876 4436 milia
897 4384 975 4438 exeis
989 4385 1140 4454 fugaverunt
1159 4397 1203 4438 aut
1216 4395 1381 4454 peremerunt.
1405 4389 1464 4436 Hoc
1478 4404 1580 4456 quoque
1592 4406 1668 4454 anno,
1687 4407 1745 4442 cum

718 4460 747 4514 lie
759 4463 897 4534 dampnosa
910 4477 980 4518 mota
991 4463 1053 4518 esset
1063 4465 1128 4520 inter
1141 4465 1267 4520 ecclesiam
1279 4463 1509 4517 Lincolniensem&
1522 4466 1649 4520 ecclesiam
1662 4469 1745 4523 Sandli

718 4541 817 4594 Albani
831 4544 902 4610 super
915 4543 1033 4598 vicariam
1046 4544 1078 4596 de
1088 4544 1207 4610 Luitona,
1220 4545 1286 4598 fadla
1298 4545 1333 4597 ell
1345 4543 1492 4613 compolitio
1507 4544 1620 4614 pacifica,
1631 4558 1746 4616 tempore
1757 4577 1780 4623 p,
1791 4573 1835 4623 235

719 4619 827 4690 episcopi
845 4623 963 4693 liugonie
984 4623 1088 4693 legundi
1109 4624 1287 4678 Lincolniensrs
1302 4625 1326 4676 δι
1342 4623 1442 4676 abbatia
1457 4623 1579 4677 Willelmi
1599 4625 1632 4678 de
1653 4627 1744 4681 Sentio

719 4697 832 4754 Albano.
