4362 6560
270 1116 275 1128 ἱ
472 1012 566 1104 105.
605 981 815 1106 Caesorius
846 977 1196 1113 Heisterbocenfis.
1264 977 1346 1100 169

327 1245 367 1311 sie
383 1245 531 1309 terminos
558 1243 625 1308 suos
646 1242 813 1326 egrediens,
827 1242 992 1306 multarum
1017 1245 1239 1325 provinciarum
1257 1263 1350 1310 terras

326 1333 499 1415 occupavit,
519 1330 605 1396 villas
617 1331 739 1413 delevit,
761 1330 899 1397 ecclesias
925 1331 1057 1415 lapideas
1084 1333 1205 1414 deiecit,
1232 1350 1350 1398 tantum

326 1425 487 1486 hominum
498 1422 679 1504 extinguens
695 1420 932 1501 multitudinem,
951 1436 985 1484 ut
1005 1420 1120 1485 summa
1138 1437 1262 1486 centum
1281 1424 1351 1487 mil-

328 1510 368 1574 lia
388 1508 617 1572 transcenderet.
638 1504 685 1570 lta
709 1507 829 1572 exaltati
859 1509 925 1572 sunt
942 1507 1053 1573 llublus
1074 1512 1149 1590 eius,
1166 1525 1201 1574 ut
1220 1513 1351 1575 turrium

224 1593 502 1661 1¹.r·4altitudines
516 1595 634 1678 operire
654 1595 881 1674 viderentur,&
902 1593 1035 1678 procella
1054 1597 1221 1680 procellam
1242 1599 1352 1682 impel-

329 1688 403 1764 lens,
416 1683 559 1768 generale
574 1683 724 1747 diluvium
739 1687 826 1748 terris
841 1685 1017 1750 minaretur.
1032 1683 1073 1749 Et
1086 1685 1286 1750 sicutdid'tum
1296 1688 1353 1750 suit

328 1775 428 1839 abbati
450 1771 563 1851 nostro,
583 1792 656 1834 cum
677 1770 786 1834 eodem
807 1795 888 1838 anno
908 1770 1085 1837 vifitationis
1107 1776 1203 1858 gratia
1229 1773 1353 1838 Frisram

328 1857 471 1939 intrasset,
487 1861 569 1944 quod
580 1859 690 1923 nuans
705 1860 839 1925 furentes
850 1862 941 1924 etiam
956 1860 1048 1946 usque
1067 1861 1233 1926 Coloniam
1248 1883 1354 1947 perve-

327 1945 446 2030 nissent,
464 1946 486 2010 s1
499 1971 561 2012 non
578 1951 602 2013 is
613 1948 665 2032 qui
679 1969 733 2012 eos
747 1949 941 2026 excitaverat,
951 1949 1112 2032 genetricis
1127 1948 1186 2028 sue,
1205 1966 1239 2013 ut
1253 1951 1355 2032 postea

328 2039 455 2118 dicetur,
489 2038 631 2121 precibus
664 2034 902 2120 compescuisset.
933 2035 1093 2100 Novicius:
1120 2036 1211 2100 Nosli
1235 2039 1354 2103 causam

330 2142 412 2190 tante
433 2125 546 2212 plage?
570 2125 750 2191 Monachus:
768 2126 863 2190 Novi.
888 2123 914 2188 F
915 2125 972 2187 riso
986 2125 1111 2275 guidam
1130 2141 1195 2188 arte
1215 2127 1299 2212 pugil
1324 2128 1354 2190 in

329 2215 436 2278 eadem
454 2215 612 2298 provincia
627 2214 748 2294 exstitit,
763 2214 815 2297 qui
829 2215 972 2297 quotiens
1007 2233 1024 2274 e
1046 2212 1169 2276 taberna
1189 2214 1290 2278 ebrius
1306 2235 1354 2278 re·

332 2302 397 2381 diit,
412 2304 524 2367 totiens
531 2323 660 2366 uxorem
667 2302 841 2365 verberibus
856 2299 994 2383 &plagis
1005 2299 1072 2364 satis
1083 2300 1247 2364 tribulavit.
1255 2303 1356 2365 Tem·

331 2411 407 2472 pore
421 2391 555 2474 quodam
570 2391 681 2454 timore
692 2390 791 2452 mariti
808 2387 1016 2451 infirmitatem
1030 2384 1357 2468 simulans,nesrmula-

332 2480 375 2540 tio
393 2479 500 2541 eadem
515 2475 612 2560 posl’et
624 2479 733 2556 notari,
751 2497 862 2560 corpus
885 2475 1016 2539 Domini
1030 2473 1082 2538 libi
1102 2477 1164 2538 dari
1178 2476 1356 2560 «postulavit

331 2565 478 2629 Venienti
495 2564 643 2628 sacerdoti
667 2564 752 2649 pugil
771 2586 842 2628 cum
864 2563 975 2648 scypho
990 2561 1113 2628 cervisie
1134 2564 1236 2629 ebrius
1251 2584 1358 2627 occur·

332 2674 409 2732 rens,
431 2651 534 2716 bibere
548 2673 619 2715 eum
634 2654 763 2715 monuit.
784 2649 912 2715 Etcum
934 2651 986 2714 ille
1007 2651 1224 2735 responderet:
1247 2652 1359 2717 ‹Cor-

334 2769 347 2800 ι
359 2762 416 2826 pus
428 2739 558 2804 Domini
568 2755 669 2824 porto,
680 2762 742 2803 non
754 2741 849 2806 modo
860 2740 973 2820 bibam,
987 2765 1001 2798 ›
1013 2741 1105 2804 iratus
1116 2739 1141 2803 F
1143 2739 1201 2803 riso
1211 2761 1283 2804 cum
1295 2739 1359 2823 scy-

334 2831 395 2913 pho
415 2829 551 2912 pixidem
573 2827 767 2912 percuffia&
788 2849 895 2890 omnes
909 2825 1020 2892 hostias
1043 2828 1081 2892 de
1102 2827 1154 2891 illa
1172 2829 1304 2908 excuslit,
1318 2829 1360 2892 ita

333 2931 368 2980 ut
407 2936 461 2999 per
490 2917 699 2998 pavimentum
735 2914 984 3000 dispergerentur.
1012 2914 1161 2978 Matrone
1190 2937 1274 2996 vero,
1299 2938 1359 2999 que

333 3002 548 3068 consolationis
563 3003 660 3086 gratia
680 3018 897 3083 convenerant,
911 3001 998 3086 super
1012 3001 1140 3088 singulas
1164 3003 1276 3067 hostias
1293 3019 1360 3067 tan·

336 3112 427 3176 quam
453 3089 551 3154 stellas
571 3091 721 3154 radiantes
740 3090 892 3153 viderunt.
913 3088 1003 3176 Quas
1024 3089 1162 3155 sacerdos
1183 3112 1309 3174 gemens
1324 3111 1359 3155 ac

335 3178 441 3243 dolens
463 3179 494 3241 in
509 3177 644 3261 pixidem
665 3177 823 3264 recollegit
849 3177 879 3241 dt
902 3178 986 3242 abiit.
1005 3176 1031 3240 F
1032 3176 1088 3242 riso
1110 3199 1183 3241 vero
1203 3201 1222 3242 a
1242 3180 1360 3242 decano

335 3267 493 3350 provincie
504 3266 625 3345 citatus,
639 3265 923 3332 excommunicatus
937 3265 988 3344 est,
1002 3263 1050 3329 sed
1065 3287 1128 3328 non
1143 3267 1270 3330 curavit.
1292 3264 1360 3353 Qui

336 3356 459 3418 tandem
473 3353 582 3417 adhoc
603 3351 778 3436 compulsus
792 3353 844 3430 esl,
857 3369 892 3416 ut
910 3374 1002 3416 cruce
1022 3375 1078 3437 pro
1101 3370 1186 3417 tanto
1205 3353 1360 3438 sacrilegio

336 3438 466 3524 signatus
481 3461 553 3503 cum
568 3441 628 3502 iam
644 3438 728 3502 didio
742 3437 898 3502 sacerdote
911 3441 1003 3503 etiarn
1017 3439 1233 3524 crucesignato
1244 3441 1363 3504 veniret

337 3529 479 3592 Romam.
495 3526 555 3592 Cui
567 3528 711 3589 dominus
726 3527 883 3590 Honorius
898 3549 975 3614 papa
990 3525 1112 3611 culpam
1131 3527 1290 3592 confitenti
1305 3549 1362 3613 pro

339 3615 506 3699 penitentia
519 3615 660 3692 iniunxit,
674 3629 708 3677 ut
722 3635 806 3678 mare
830 3612 975 3695 transiret,
990 3616 1092 3700 ibique
1107 3616 1203 3681 tribus
1222 3618 1308 3680 annis
1332 3617 1363 3678 in

338 3706 428 3768 arnus
443 3701 566 3768 Christo
580 3701 710 3766 serviret.
731 3701 820 3788 Quid
842 3702 948 3786 plural
968 3703 1060 3770 Mare
1082 3704 1258 3768 transierunt
1272 3705 1363 3770 ambo

338 3791 368 3856 δι
382 3806 452 3854 ante
466 3790 644 3854 Damiatam
659 3791 771 3854 mortui
787 3790 853 3854 sunt
867 3792 967 3856 ambo.
981 3791 1106 3882 Quibus
1120 3793 1282 3874 defirnffis,
1292 3813 1364 3858 cum

339 3903 420 3944 anno
434 3881 545 3944 eodem
554 3878 711 3944 Dominus
719 3881 910 3964 provinciam
920 3881 1105 3962 terribiliter,
1114 3897 1148 3946 ut
1154 3883 1241 3966 supra
1248 3882 1365 3946 dietum

340 3969 392 4050 esi,
406 3967 557 4053 plagasset,
570 3966 602 4030 dr
622 3967 709 4031 causa
725 3968 813 4053 plage
833 3968 983 4053 populum
1005 3970 1122 4049 lateret,
1142 3985 1280 4036 matrone
1299 3972 1366 4033 cui-

340 4059 411 4119 dam
432 4056 521 4119 valde
541 4054 688 4138 religiose,
700 4055 841 4120 Domino
854 4056 985 4136 ieiuniis,
999 4058 1200 4138 orationibus,
1211 4056 1366 4142 vigiliis&

341 4141 539 4228 eleemosynis
560 4141 712 4223 servienti,
725 4159 887 4207 matertere
912 4143 1056 4208 videlicet
1070 4145 1186 4209 domini
1206 4144 1364 4208 Witboldi

341 4231 457 4295 abbatis
478 4229 580 4294 saneti
606 4230 765 4310 Bernardi,
784 4231 871 4296 beata
886 4229 948 4295 Dei
972 4231 1136 4314 Genetrix,
1149 4231 1283 4297 lacrimis
1301 4233 1366 4296 eius

342 4335 436 4398 mota,
450 4317 618 4402 populique
632 4317 762 4399 miserta,
776 4340 922 4403 apparens
934 4319 973 4384 sic
982 4324 1044 4383 ait:
1060 4318 1215 4403 ‹Propter
1225 4322 1366 4384 iniuriam

344 4431 358 4465 ι
373 4405 426 4494 filij
439 4407 499 4468 mei
522 4407 553 4468 in
564 4405 785 4472 sacramentum
798 4410 936 4491 corporis
950 4410 1015 4471 eius
1026 4409 1150 4488 sodium,
1164 4408 1311 4473 submersa
1323 4408 1366 4471 est

345 4519 359 4554 e
375 4491 477 4572 Frisra,
491 4491 521 4556 dv
535 4493 635 4556 adbuc
649 4493 779 4578 amplius
794 4491 974 4577 plagabitur,
994 4492 1016 4556 st
1032 4497 1185 4579 condigna
1202 4495 1369 4580 penitentia

345 4607 360 4642 c
373 4603 436 4646 non
449 4581 540 4645 buerit
549 4579 710 4645 subsecuta
721 4607 735 4640 »
745 4581 794 4646 Ex
805 4582 915 4666 quibus
925 4583 1025 4647 verbis
1035 4582 1201 4668 colligitur,
1211 4583 1294 4668 quod
1305 4605 1368 4647 non

346 4669 443 4734 solum
457 4667 578 4752 pugilis,
601 4669 650 4733 sed
668 4669 885 4734 communibus
900 4669 1005 4755 populi
1019 4673 1153 4754 peccatis
1167 4672 1369 4754 exigentibus,

467 4809 488 4848 'l'
1225 4811 1258 4847 Μ
