4168 6502
510 977 604 1068 181.
640 976 825 1068 Marinus
845 976 1037 1083 sanutus,
1048 974 1203 1097 senior.
1271 1004 1353 1097 253

344 1239 532 1294 Alamanorum
553 1238 660 1292 militum
671 1238 754 1310 copia,
771 1239 807 1293 ibi
823 1257 925 1310 quoque
937 1238 1134 1308 archiepiscopus
1147 1236 1290 1291 Nicosieusu
1302 1256 1360 1291 cum
1375 1254 1433 1300 1217

344 1318 427 1372 multia
437 1318 535 1388 prelatis
544 1318 624 1371 affuit.
634 1321 662 1370 ln
672 1319 823 1387 professione
833 1337 892 1372 vero
901 1319 1018 1389 ipsorum,
1027 1317 1170 1387 patriarcha
1181 1317 1361 1388 Hierosolymi-

345 1409 417 1450 tauue
426 1415 484 1450 cum
494 1397 572 1450 molta
581 1397 718 1450 humilitate
729 1397 843 1450 vexillum
853 1397 950 1451 vivifice
959 1397 1038 1450 crucis
1048 1395 1183 1465 assumpsit,
1199 1398 1361 1450 reverentiam

344 1477 526 1547 lachrymosam
540 1476 671 1529 exhibente
682 1477 740 1530 cleri
751 1494 781 1530 ac
795 1477 879 1547 populi
891 1477 1050 1529 multitudine
1063 1475 1189 1528 universas
1202 1475 1283 1527 suerat
1295 1476 1361 1528 enim

344 1557 408 1610 secla
417 1573 486 1621 crux,
495 1573 553 1608 cum
562 1555 668 1608 Saladini
681 1556 819 1609 immineret
830 1556 922 1609 belluni
933 1556 1017 1625 (supra
1031 1568 1101 1624 parte
1110 1557 1142 1618 V,
1153 1571 1209 1623 cap.
1221 1554 1278 1622 tv),
1288 1556 1361 1608 reser-

345 1647 403 1688 vata
423 1645 508 1688 autem
529 1652 597 1688 nunc
614 1647 702 1687 contra
714 1635 865 1688 aduersarios
878 1636 1031 1704 deportatur.
1044 1635 1182 1686 sentientes
1195 1645 1279 1685 autem
1292 1634 1360 1703 impij

345 1715 471 1784 Agareni,
482 1714 616 1768 exercitum
626 1714 729 1768 Domini
741 1714 854 1768 ordinate
867 1732 909 1784 per
922 1715 1022 1784 planum
1033 1716 1102 1765 Fabe
1112 1713 1245 1780 procedere
1257 1715 1281 1764 a
1292 1731 1363 1766 mon·

345 1805 398 1848 tem
408 1793 591 1863 Gelhoeusque
601 1795 709 1847 Bethsan
715 1794 866 1864 pertransire,
873 1793 955 1846 eunsli
963 1793 1090 1862 sugerunt,
1097 1793 1261 1860 relinquentes
1271 1805 1362 1845 terram

345 1873 488 1925 vellendam
505 1872 581 1927 libere
597 1873 716 1926 exercitui
732 1873 872 1938 christiano,
890 1874 933 1941 qui
949 1872 974 1924 iii
994 1871 1078 1940 vigilia
1098 1871 1179 1924 Sanili
1200 1872 1314 1936 Martini,
1330 1873 1361 1924 ad
1376 1873 1462 1933 Nov.9

345 1950 439 2003 fluenta
450 1949 563 2002 Iordanis
582 1950 735 2020 perveniens,
754 1951 847 2019 suisque
865 1950 923 2002 lotis
935 1951 1081 2021 corporibus
1096 1951 1171 2002 biduo
1184 1961 1308 2002 recreatus
1321 1951 1362 2002 eli.

346 2028 451 2083 Visitatia
465 2028 555 2081 deinde
569 2029 630 2082 locis
641 2030 738 2094 sanslis,
750 2030 794 2083 ubi
807 2030 923 2083 steterunt
936 2031 1010 2098 pedes
1025 2029 1136 2090 Domini,
1150 2029 1183 2080 ad
1194 2029 1363 2100 Bethsaydam

346 2107 497 2178 pervenitur,
505 2107 630 2160 civitatem
640 2109 773 2162 Audire&
781 2109 854 2162 Petri.
864 2107 963 2162 Deinde
973 2109 1053 2178 prima
1061 2108 1194 2162 Dominica
1204 2109 1235 2160 de
1246 2108 1364 2173 adventu,
1378 2121 1432 2166 Dec.
1445 2133 1457 2178 3

347 2187 462 2240 insultum
484 2185 587 2252 faciunt,
606 2187 631 2239 iii
654 2188 759 2241 castrum
779 2187 904 2258 (superiori
926 2187 1048 2257 capitulo)
1071 2187 1212 2240 edificatum
1232 2186 1257 2237 iii
1280 2199 1364 2240 monte

161 2284 227 2331 vsu„
239 2283 334 2342 mo„
348 2266 449 2330 Tabor,
470 2267 494 2317 δι
514 2265 577 2318 inter
597 2279 694 2319 ceteros
715 2285 757 2320 rex
778 2268 908 2319 Ierusalem
931 2267 1038 2319 maxime
1060 2279 1132 2336 urget
1156 2266 1260 2329 hollem,
1279 2266 1363 2318 ubi&

178 2351 246 2416 [upra
253 2363 277 2414 p.
289 2365 319 2412 pp
347 2343 513 2396 admiraldum
532 2346 658 2414 quendam
681 2346 821 2415 prostrauit,
847 2346 1032 2416 superueniente
1052 2359 1136 2398 autem
1153 2347 1226 2398 nodie
1246 2344 1365 2413 inglorius

347 2423 472 2476 descendit
485 2424 614 2476 exercitus.
627 2425 712 2476 Multa
721 2443 752 2477 ex
765 2437 826 2477 tunc
838 2445 853 2476 a
865 2426 1008 2477 latrunculis
1023 2425 1187 2494 &asperitate
1197 2423 1294 2493 hyemis
1307 2423 1365 2493 passi

347 2500 523 2566 sunqmuime
532 2499 556 2550 iii
566 2499 649 2568 vigila
659 2502 804 2554 Natiuitatis
814 2501 928 2569 Domini,
939 2501 1036 2570 plurimi
1046 2520 1106 2554 uero
1115 2501 1270 2570 captivorum
1279 2501 1367 2554 utrius·
1379 2514 1435 2561 Dee,
1446 2526 1476 2571 24

347 2597 396 2649 que
407 2580 476 2631 sexus
486 2577 604 2647 baptizati
613 2579 674 2630 sunt.
684 2581 742 2632 Posl
753 2581 799 2633 hec
807 2581 929 2633 exercitus
940 2581 1041 2633 Domini
1052 2580 1228 2650 quadrifariam
1239 2580 1365 2632 dividitur.

348 2659 432 2727 Reges
445 2658 511 2710 enim
531 2657 641 2726 Ungarie
655 2659 679 2710 dc
694 2661 773 2730 Cypri
786 2660 911 2730 Tripolim
924 2659 1026 2729 prosesli
1039 2660 1103 2726 sunt,
1120 2660 1204 2728 ibique
1217 2676 1259 2711 rex
1278 2663 1366 2728 Ungu-
1381 2673 1438 2720 1218

348 2738 382 2790 rie
397 2736 466 2788 breti
484 2749 597 2805 tempore
618 2736 773 2802 immoratus,
793 2756 850 2791 cum
873 2756 967 2808 magno
986 2741 1079 2791 damno
1098 2740 1180 2790 Terre
1200 2737 1366 2791 Promissionis

347 2811 468 2877 abscessit,
495 2812 646 2882 peregrinos,
666 2815 812 2882 dextrarios,
829 2815 942 2868 iumenti
968 2817 992 2868 di
1015 2833 1085 2868 aima
1105 2833 1163 2868 cum
1184 2815 1263 2885 galeis
1285 2816 1367 2869 secum

349 2893 457 2957 uehens,
479 2892 570 2944 liceta
592 2894 731 2961 patriarcha
750 2896 816 2964 prius
836 2895 945 2947 monitus
964 2897 988 2948 de
1010 2896 1111 2948 tandem
1128 2913 1186 2947 cum
1207 2896 1249 2947 sua
1270 2895 1367 2964 sequela

349 2971 615 3026 excommunicationis
630 2973 727 3026 vinculo
740 2974 882 3026 innodatus.
895 2975 957 3026 Alia
970 2992 1025 3043 pars
1040 2975 1184 3026 timidorum
1201 2976 1225 3027 δι
1242 2973 1368 3026 effemina-

350 3063 433 3104 torum
446 3050 560 3103 remansi
579 3051 755 3121 Ptolemayde.
780 3055 837 3106 Rex
853 3071 912 3106 vero
933 3054 1065 3107 Ierusalem
1083 3054 1175 3106 &dux
1194 3053 1295 3106 Auslrie
1311 3071 1368 3106 cuni

164 3150 231 3198 ph„
243 3149 339 3206 &nm
351 3129 512 3200 hospitalariis
531 3131 611 3182 sineri
627 3132 753 3198 Iohannis,
774 3134 797 3184 dt
824 3133 939 3202 prediclis
960 3133 1059 3204 prelatis
1084 3150 1113 3185 ac
1134 3133 1285 3201 quibusdam
1307 3133 1370 3200 aliis,

163 3219 234 3286 supra
245 3237 267 3281 p.
280 3231 323 3266 ioo
351 3209 461 3264 celeriter
473 3211 497 3262 di
510 3209 602 3262 utiliter
613 3212 719 3263 castrum
731 3211 835 3264 Cesaree
847 3211 1014 3265 firmaverunt.
1025 3213 1163 3281 Templarij
1175 3229 1242 3276 vero,
1251 3212 1369 3264 auxiliou-

352 3288 418 3342 tibua
435 3290 612 3359 peregrinis&
632 3290 745 3361 hospitali
768 3291 800 3344 de
819 3292 897 3344 domo
922 3291 1150 3356 Theotonicorum,
1167 3293 1282 3356 castrum,
1301 3293 1369 3360 quod

351 3369 418 3438 prius
443 3369 573 3422 dicebatur
597 3370 653 3438 Filij
676 3370 735 3434 Dei,
759 3371 965 3425 reedificaverunt
992 3373 1016 3423 di
1044 3370 1158 3424 Castrum
1183 3371 1368 3440 peregrinorum

352 3461 459 3514 vocan13
482 3447 516 3500 ihi
542 3450 567 3501 iii
591 3449 734 3502 fossionibus
759 3451 847 3520 ignota
869 3462 970 3502 monete
991 3451 1091 3503 inventa
1115 3451 1157 3514 esl,
1183 3450 1368 3519 peregrinorum

352 3528 449 3580 labores
461 3529 485 3580 dt
498 3529 608 3598 sumptus
620 3529 747 3582 allevians.
760 3535 887 3582 Venerunt
899 3543 994 3596 autem,
1010 3531 1035 3582 iii
1050 3529 1147 3582 Martio
1159 3533 1218 3581 aniil
1239 3529 1370 3599 sequentia,
1381 3549 1448 3596 Mm

352 3623 464 3676 cogones
486 3624 516 3659 ex
536 3609 662 3678 provincia
687 3609 837 3674 Coloniensi,
861 3611 885 3662 δι
909 3610 964 3676 alij3
991 3621 1140 3680 apparuerat
1164 3608 1229 3661 enim
1252 3609 1277 3660 iii
1303 3608 1369 3662 ueta

351 3693 487 3768 provincia,
508 3694 576 3747 sexta
597 3693 658 3746 seria
679 3707 737 3746 ante
754 3695 927 3759 Pentecosten,
945 3711 1002 3747 cuin
1021 3693 1188 3763 predicaretur
1206 3709 1274 3756 crux,
1297 3692 1369 3762 ipsius

352 3776 431 3831 crucis
455 3775 543 3844 triplex
566 3775 647 3828 forma
664 3775 688 3828 in
709 3793 766 3828 erei
786 3791 837 3827 una
860 3775 977 3840 candidu,
1001 3773 1081 3826 versus
1103 3773 1298 3842 aquilonemque
1323 3773 1371 3825 alia

351 3858 492 3925 consimilis,
512 3858 545 3910 ad
558 3857 735 3925 meridiemque
748 3856 820 3908 tertia
842 3855 926 3908 medio
941 3857 1024 3908 colore
1045 3853 1165 3916 colorata,
1180 3854 1273 3906 habens
1292 3855 1371 3907 crucia

352 3938 501 4009 patibulum,
514 3939 538 3990 di
553 3937 660 4006 liguram
683 3935 792 3989 hominis
812 3935 921 3988 cruciflid
933 3935 1035 3988 elevatis
1052 3934 1167 4002 brachiis,
1182 3951 1240 3986 cum
1255 3933 1371 3986 infixione

352 4019 490 4084 clavorum,
511 4019 535 4070 di
555 4016 636 4086 capite
658 4015 784 4081 inclinato,
806 4014 887 4068 media
910 4014 973 4067 inter
992 4015 1053 4066 illas.
1076 4018 1104 4067 ln
1126 4013 1176 4066 alio
1192 4013 1260 4078 loco,
1277 4012 1302 4064 in
1315 4012 1371 4065 uilla

353 4097 435 4150 Frixie
455 4107 568 4167 tempore
585 4094 758 4165 predicationis
780 4094 859 4146 crucis
880 4093 996 4162 apparuit
1018 4092 1085 4144 iuxta
1106 4092 1182 4144 solem
1202 4109 1262 4144 crux
1282 4090 1372 4144 cerulei

353 4177 450 4230 coloris.
463 4180 492 4230 In
503 4177 594 4230 diocesi
606 4175 682 4228 etiam
696 4173 851 4239 riniacensi,
862 4172 888 4224 iii
900 4173 956 4225 uilla
971 4173 1091 4238 Dodlum,
1102 4171 1218 4241 apparuit
1233 4188 1292 4223 crux
1315 4172 1372 4223 alba

353 4258 378 4310 δι
390 4274 493 4326 magna,
504 4273 535 4309 ac
549 4255 566 4308 fi
579 4256 648 4308 trabs
660 4273 690 4307 eii
706 4254 809 4307 adverso
822 4251 898 4305 trabis
915 4251 1076 4304 artificialiter
1102 4250 1161 4304 esset
1180 4250 1326 4320 composita,
1347 4251 1371 4302 di

354 4340 502 4392 movebatur
513 4339 547 4390 ab
560 4335 676 4407 aquione
694 4335 719 4387 iii
737 4335 874 4388 meridiem.
892 4333 972 4385 Tunc
989 4332 1115 4384 firmatum
1132 4331 1165 4382 esl
1184 4347 1226 4399 per
1249 4331 1372 4382 summum

354 4418 496 4490 pontificem
508 4419 539 4471 de
552 4417 741 4472 transmittenda
754 4417 778 4469 in
793 4419 924 4486 Egyptum
936 4413 1023 4465 militia
1035 4411 1173 4465 christiana.
