4168 6502
765 1032 852 1115 240
933 1001 1173 1130 ‘sessimonio
1205 999 1398 1091 initalia
1416 999 1597 1125 scriptu.

692 1278 747 1311 ¹²²¹
763 1280 876 1327 metato
901 1264 976 1326 infra
998 1265 1151 1327 civitatem
1178 1263 1321 1327 Damiate
1351 1263 1517 1326 exercitum
1539 1261 1778 1342 christianorum,

763 1351 896 1413 fodendo
911 1373 965 1434 per
979 1367 1075 1415 totam
1090 1352 1212 1414 nodiem
1226 1353 1264 1414 de
1278 1351 1402 1413 flumine
1416 1351 1493 1435 Nyli
1508 1353 1606 1413 rivum
1620 1366 1711 1434 atque
1723 1353 1777 1414 de-

762 1440 858 1518 duxit,
883 1461 935 1521 per
958 1461 1050 1522 quem
1071 1439 1246 1502 christianos
1270 1438 1310 1500 ibi
1325 1435 1406 1521 quast
1421 1439 1451 1500 in
1468 1438 1561 1502 insula
1574 1439 1716 1522 alligavit,
1739 1438 1778 1503 src

763 1530 844 1611 quod
871 1531 1036 1611 procedere
1059 1549 1116 1590 nec
1140 1528 1176 1589 ad
1196 1527 1349 1588 civitatem
1365 1525 1508 1590 Damiate
1533 1528 1631 1590 redire
1655 1527 1778 1589 minime

763 1631 934 1699 potuerunt.
959 1616 1075 1679 Habuit
1095 1613 1240 1698 siquidem
1255 1613 1354 1697 galeas
1373 1615 1448 1677 insta
1460 1614 1586 1677 fluvium
1602 1629 1779 1697 preparatas,

762 1726 822 1788 que
836 1703 978 1767 omnibus
992 1703 1080 1786 lignis
1095 1704 1234 1766 euntibus
1249 1703 1285 1765 ad
1296 1704 1462 1766 exercitum
1473 1703 1503 1766 dt
1513 1703 1551 1764 ab
1562 1705 1695 1766 exercitu
1709 1703 1779 1766 red-

762 1793 903 1856 euntibus
923 1792 1176 1874 impedimentum
1201 1790 1378 1874 prestabant.
1404 1792 1495 1854 Unde
1513 1789 1665 1854 christiani
1687 1793 1779 1873 ignari

762 1882 801 1942 de
814 1883 944 1943 adventu
965 1881 1096 1958 comitis,
1117 1878 1318 1942 existimantes
1339 1879 1442 1941 senon
1458 1877 1540 1962 posse
1560 1880 1670 1942 habere
1683 1879 1779 1941 ullum

762 1966 942 2045 succursum,
964 1966 1005 2029 set
1020 1968 1120 2049 potius
1140 1966 1179 2029 ibi
1201 1967 1279 2029 fame
1293 1966 1323 2029 dt
1336 1965 1506 2029 neceffitate
1527 1965 1634 2050 perire,
1656 1968 1779 2029 demum

763 2075 834 2118 cum
854 2053 962 2117 dolore
980 2054 1138 2117 &tristitia
1159 2056 1349 2138 pepigerunt,
1373 2054 1403 2117 ἃ
1423 2055 1643 2117 interveniente
1656 2052 1780 2116 vinculo
1831 2089 1839 2108 ·

763 2144 921 2206 iuramenti
943 2142 1110 2221 firmarunt,
1134 2143 1219 2207 salvis
1239 2163 1345 2206 eorum
1360 2143 1493 2224 personis
1507 2141 1537 2204 dt
1550 2144 1648 2220 rebus,
1666 2141 1697 2204 dr
1711 2143 1780 2203 red-

762 2230 832 2293 ditis
852 2229 889 2293 ab
908 2247 1036 2314 utraque
1056 2247 1138 2312 parte
1162 2230 1300 2312 captivis,
1321 2230 1476 2291 civitatem
1491 2228 1635 2292 Damiare
1655 2229 1781 2291 reddere

763 2317 940 2382 Sarracenis.
965 2319 1034 2382 Hiis
1057 2320 1147 2401 igitur
1169 2317 1295 2400 peractis
1318 2339 1373 2399 pro
1388 2316 1476 2379 dolor
1489 2317 1566 2380 fasta
1580 2317 1622 2380 est
1635 2317 1781 2380 restitutio

763 2405 843 2469 illius
857 2406 986 2469 civitatis
1007 2409 1042 2468 ad
1065 2409 1197 2468 dedecus
1212 2405 1241 2467 dr
1256 2406 1453 2487 ignominiam
1471 2405 1604 2466 nominis
1623 2405 1782 2482 christiani,

763 2490 815 2553 nisr
829 2493 931 2556 divina
953 2494 1114 2556 clementia
1136 2491 1325 2575 providebit:
1350 2513 1410 2574 que
1424 2508 1508 2554 tanto
1524 2490 1626 2553 labore
1640 2505 1782 2574 tantaque

764 2577 912 2662 sanguinis
927 2581 1067 2643 effusione
1082 2601 1295 2662 apaganorum
1311 2577 1458 2660 spurcitiis
1473 2580 1569 2641 fuerat
1583 2578 1714 2640 liberate.
1730 2577 1781 2640 De

763 2668 850 2730 cuius
878 2667 1040 2746 amiffione,
1068 2665 1141 2729 srcut
1164 2666 1353 2751 premeditari
1377 2667 1483 2749 potest,
1506 2667 1610 2728 divino
1635 2667 1782 2728 miraculo

691 2761 751 2794 ¹²²²
765 2753 853 2818 tellus
875 2755 963 2818 tristis
984 2755 1099 2833 efferta,
1124 2755 1153 2816 in
1176 2753 1269 2816 insula
1283 2753 1369 2836 Cipri
1384 2755 1578 2833 contremuit,
1592 2753 1623 2816 dr
1636 2774 1718 2816 mare
1733 2753 1783 2814 lit-

765 2857 829 2905 tom
842 2842 984 2906 consueta
994 2844 1166 2920 destituens,
1181 2843 1256 2904 infra
1271 2841 1393 2924 pelagus
1408 2841 1676 2924 quamplurimum
1689 2837 1784 2903 defic-

763 2930 857 3007 cavit;
880 2932 919 2993 de
942 2951 1072 3014 quorum
1090 2945 1176 2993 motu
1196 2927 1280 2992 Baffa
1298 2929 1327 2992 dt
1349 2927 1475 2992 Limisso
1500 2930 1619 3013 penitus
1637 2928 1703 2991 sunt
1715 2927 1784 2990 sub-

764 3017 865 3082 merse.

899 3229 974 3306 168.
999 3231 1218 3304 Torosnuus
1244 3233 1482 3303 anrurrnus
1507 3243 1541 3312 (†
1555 3243 1646 3310 ωε),

1184 3407 1363 3476 ΟΙυωιίεοιι.

869 3579 1269 3651 [marturianum
1282 3591 1301 3632 t.
1315 3579 1354 3631 Vl
1367 3578 1488 3645 (Firenze,
1502 3581 1577 3645 1876,
1589 3577 1679 3648 in·4).]

1261 3709 1281 3753 t

1164 3863 1246 3927 Cur.
1262 3858 1380 3926 CLIX.

836 4001 884 4064 De
899 4001 1029 4084 obfidione
1042 4000 1165 4063 civitatis
1178 4001 1326 4078 Damiatr,
1338 4003 1373 4064 Θ
1385 4001 1418 4062 de
1427 3999 1518 4084 presio
1530 3999 1571 4061 ibi
1582 3998 1724 4088 commisti.

693 4159 751 4206 1²18
803 4153 920 4214 Annon
931 4153 1086 4215 nativitate
1093 4150 1222 4214 Domini
1232 4147 1456 4228 MCCXVIII,
1466 4168 1537 4212 cum
1549 4148 1681 4214 infinitus
1691 4151 1784 4215 chris-
1797 4163 1818 4208 u
1829 4159 1877 4207 ⁷⁰³

765 4239 916 4302 timorum
928 4258 1073 4302 numerus
1082 4235 1154 4301 esset
1164 4239 1243 4321 apud
1254 4240 1408 4301 civitatem
1416 4239 1502 4316 Acri,
1516 4236 1632 4301 dimissa
1645 4240 1784 4302 multitu·

763 4329 834 4391 dine
849 4328 890 4390 ibi
906 4330 941 4390 ad
953 4329 1108 4390 civitatem
1119 4326 1357 4405 custodiendam,
1370 4327 1462 4389 ceteri
1478 4347 1561 4405 vero,
1574 4327 1613 4389 de
1626 4325 1783 4391 voluntate

763 4414 938 4479 &consilio
959 4416 1124 4492 Venetum,
1146 4416 1402 4494 Aconiranorum,
1424 4412 1609 4494 Pisanorum,
1633 4415 1783 4482 Genuen-

763 4499 848 4583 fium,
869 4501 1106 4582 Maxiliensrum,
1129 4518 1221 4586 atque
1235 4505 1373 4565 omnium
1388 4503 1545 4565 civitatum
1570 4503 1618 4566 seu
1633 4503 1782 4582 locorum,

763 4592 815 4673 qui
829 4606 981 4654 noverunt
1005 4611 1094 4653 naves
1119 4591 1277 4670 deducere,
1301 4611 1373 4653 aura
1393 4590 1483 4654 flante
1498 4589 1635 4670 secunda,
1658 4593 1781 4675 naviga·

762 4695 872 4740 verunt
891 4678 982 4762 usque
1001 4678 1037 4740 ad
1052 4678 1164 4743 flumen
1187 4699 1330 4761 magnum
1344 4677 1543 4760 Euphratem,
1566 4678 1650 4762 quod
1665 4678 1782 4742 distata

763 4763 924 4829 Ierusalem
937 4767 988 4849 xij.
1000 4767 1116 4849 mugnis
1127 4767 1231 4843 dietis3
1246 4766 1286 4829 ibi
1299 4767 1451 4829 civitatem
1465 4764 1641 4828 Damiatam
1656 4767 1780 4830 obsede·
1796 4776 1878 4826 Μαι
