4168 6502
439 935 533 1028 181.
568 937 777 1028 Marinus
798 937 990 1042 Sonurus,
1000 935 1161 1056 senior.
1216 963 1304 1054 257

110 1203 182 1259 idem,
195 1217 215 1262 p.
227 1212 270 1260 ²5¹
284 1193 450 1250 admiratione
463 1207 600 1267 permotus,
621 1195 742 1250 maiorem
755 1214 815 1265 erga
828 1195 908 1265 ipsum
920 1197 1079 1250 devotionem
1099 1198 1214 1266 concepit
1231 1214 1306 1266 roga·
1321 1209 1380 1255 ¹2¹9

286 1274 371 1345 vitque
384 1276 507 1328 scmuium
519 1274 619 1340 chriti,
631 1287 658 1328 ut
668 1277 778 1346 predicta
791 1276 930 1345 susciperet,
943 1294 988 1346 pro
998 1277 1074 1329 salute
1083 1276 1307 1346 ipsrue,christianir

286 1353 437 1425 pauperibus
450 1356 474 1407 br
487 1355 592 1408 ecclesiia
606 1355 742 1424 eroganda.
751 1356 805 1423 lpse
818 1373 887 1419 vero,
896 1357 954 1424 quia
968 1357 1063 1424 pondus
1073 1356 1186 1426 fugiebat
1196 1355 1308 1425 pecunie,

286 1437 311 1487 ir
323 1433 348 1486 in
361 1433 446 1488 auimo
459 1435 560 1487 Soldani
572 1452 630 1487 vere
643 1435 741 1503 pietatis
754 1452 804 1488 non
814 1435 916 1488 uidebat
929 1437 1048 1500 radicem,
1060 1436 1198 1489 nullatenus
1210 1437 1310 1504 acquie-

288 1513 332 1566 vit.
351 1516 455 1567 Etcum
468 1514 499 1566 ad
513 1513 698 1566 conversionem
711 1512 793 1582 gentis
805 1513 870 1566 illiue
883 1514 941 1566 nihil
957 1515 1095 1584 proficeret,
1109 1515 1142 1566 ad
1155 1528 1237 1584 parter
1250 1515 1311 1567 fide-

288 1591 358 1658 lium,
375 1593 461 1646 diviua
472 1593 623 1648 revelatione
632 1591 810 1656 commonitor,
824 1595 951 1659 remeavit,
963 1593 1119 1663 privilegiato
1131 1594 1311 1648 consecrandus

289 1672 413 1744 martyrio
426 1673 540 1743 passrouis
552 1673 576 1726 δι
586 1671 715 1726 vulnerum
727 1673 782 1725 lesu
795 1671 892 1725 Christi.

722 1946 806 2010 Car.
827 1944 885 2008 IX.

354 2145 479 2208 Continet
492 2145 639 2208 incidentia
653 2147 780 2228 quedam,
803 2145 982 2231 confuſsonem
996 2146 1091 2230 populi
1107 2147 1253 2228 christiani

621 2235 655 2295 ξεῖ
669 2235 807 2298 Damiotc
820 2235 993 2319 omiffionem.

72 2477 281 2536 Vinceneitellov,
328 2471 430 2524 Audita
447 2467 564 2538 captione
584 2467 714 2534 Damiate,
735 2468 876 2538 Georgiani
897 2470 1011 2537 scripsere
1030 2469 1175 2534 vibhoribua,
1192 2481 1265 2538 turpe
1284 2470 1319 2522 eie

97 2550 167 2616 supra
179 2569 200 2613 p·
213 2551 255 2598 108
294 2549 351 2616 effe,
364 2549 406 2602 uisi
419 2549 443 2602 bt
457 2548 499 2620 ipsi
512 2548 674 2613 Damascum,
695 2547 734 2602 vei
746 2548 822 2601 aliurn
842 2549 964 2602 famosum
984 2551 1067 2602 locum
1084 2549 1175 2602 virtute
1188 2549 1321 2618 acquirant

294 2645 431 2683 armorum.
458 2627 610 2697 scripserunt
635 2629 658 2679 br
681 2628 845 2697 Conradin03
869 2642 897 2680 ut
922 2630 993 2697 supra
1022 2647 1076 2698 cap.
1098 2631 1144 2694 111,
1168 2641 1231 2698 part.
1252 2630 1320 2680 v111.

88 2719 181 2777 macto,
192 2735 213 2779 p.
225 2729 281 2777 347·
296 2710 395 2763 Eodem
407 2725 484 2774 mnu,
495 2724 548 2776 quo
560 2718 635 2776 capta
648 2707 681 2760 est
695 2707 823 2772 Damiata,
835 2709 1004 2780 Raymundus
1014 2727 1029 2760 a
1038 2709 1141 2776 Rupino
1155 2707 1321 2762 Antiochiam

163 2793 207 2841 349
296 2799 435 2856 recuperat,
448 2785 588 2856 proditione
601 2785 730 2838 Guilielmi
743 2787 860 2839 Farabel.
875 2787 990 2855 Rupinua
1003 2788 1117 2856 expulsus
1134 2789 1166 2841 ad
1184 2789 1321 2841 Licuonem

296 2867 420 2924 Armenie
432 2883 525 2936 regem,
548 2865 635 2918 matria
659 2866 818 2930 avunculum,
845 2866 969 2934 confugit,
996 2868 1128 2920 immemor
1150 2867 1247 2932 iniurie,
1272 2884 1322 2935 qua

292 2941 375 3018 ipsum
387 2947 420 2999 de
432 2943 572 2998 Antiochia
585 2943 688 3013 expulit.
705 2944 748 2998 llle
761 2943 882 3010 infirmus,
891 2947 1062 3014 continuoque
1071 2945 1214 3010 moriturus,
1223 2947 1323 3014 filiaque

298 3027 342 3080 sub
363 3022 506 3079 Constantia
527 3022 703 3091 consanguinei
721 3023 764 3086 sui,
782 3023 828 3076 viri
844 3025 952 3077 multum
972 3024 1064 3090 divitis,
1083 3027 1161 3078 tutela
1175 3027 1323 3094 relinquens,

297 3117 415 3175 nepotem
428 3102 523 3167 abiicit,
542 3101 585 3170 qni
597 3103 630 3154 ad
644 3101 755 3171 legatum
769 3103 888 3156 Damiate
901 3105 925 3156 se
941 3105 1057 3168 contulit,
1074 3105 1097 3157 ir
1115 3122 1160 3174 pro
1182 3105 1323 3158 Antiochia

297 3189 322 3238 ἃ
344 3182 468 3237 Armenia
491 3182 671 3251 recuperanda,
693 3182 797 3251 pecunie
820 3185 844 3234 δι
865 3183 947 3252 gentis
969 3185 1056 3236 bellice
1075 3184 1194 3237 auxilium
1217 3186 1279 3254 petit
1300 3187 1323 3236 br

299 3265 424 3333 impetrat.
438 3261 483 3316 Ille
495 3263 520 3314 in
542 3263 643 3315 Tharso
665 3275 787 3331 receptus,
808 3281 823 3314 a
849 3263 987 3316 Constante
1007 3264 1112 3334 capitur,
1132 3267 1155 3316 br
1175 3277 1325 3330 carceratur,

299 3343 384 3412 ibique
408 3341 521 3394 moritur.
546 3342 663 3394 Audiens
682 3359 785 3412 quoque
807 3344 891 3394 &rea
914 3343 1044 3396 Ierusalem
1065 3343 1183 3396 Lievonia
1208 3357 1326 3410 mortem,

299 3421 435 3476 christiania
448 3419 539 3473 relictis
551 3419 644 3483 castris,
659 3420 703 3472 sub
717 3418 757 3488 spe
773 3419 906 3489 propinqui
928 3421 1031 3486 reditus,
1051 3423 1249 3492 Ptolomaydam
1270 3440 1326 3491 pro-

300 3503 380 3555 sectua
394 3501 440 3567 esi,
457 3499 559 3552 volebat
580 3499 645 3550 enim
660 3498 757 3551 ratione
768 3499 851 3551 uxoria
865 3495 991 3552 Armenio
1008 3518 1112 3569 regnum
1130 3501 1173 3553 tbi
1187 3500 1324 3569 acquirere,

302 3582 342 3634 sed
355 3579 483 3634 confestim
499 3577 539 3630 illa
552 3577 725 3630 infirmatur&
739 3579 854 3644 moritur,
872 3579 968 3634 &infra
985 3580 1037 3632 dier
1046 3597 1089 3645 xv,
1098 3580 1202 3632 moritur
1212 3581 1327 3650 parvulus

80 3666 288 3724 Vincentbellon,
302 3660 354 3713 eiua
375 3659 449 3718 filius,
467 3658 510 3726 qui
523 3668 631 3725 quatuor
650 3669 748 3709 tanturn
766 3670 820 3710 erat
842 3676 974 3710 annorum.
991 3660 1093 3712 Interim
1112 3677 1171 3712 vero
1195 3661 1328 3713 MCCXX
1344 3670 1401 3716 ¹²¹9

104 3739 206 3803 suprap.
221 3749 264 3797 109
304 3738 461 3793 Conradinue
474 3735 587 3806 princepe
601 3737 718 3790 Damasci
741 3737 860 3790 destruxit
881 3738 987 3790 castrum
1010 3740 1109 3809 Saphet.
1130 3741 1329 3808 supervenerunt

78 3834 121 3891 ld,
132 3851 152 3894 p.
160 3832 251 3890 ηοω,
260 3841 289 3890 93
303 3836 405 3890 quoque
416 3817 449 3869 de
464 3815 538 3868 Italia
552 3817 625 3870 multi
642 3816 764 3885 peregrini
777 3817 810 3869 ad
823 3818 958 3870 exercitum
971 3818 1098 3872 Damiate.
1109 3821 1144 3871 Et
1154 3818 1243 3871 eodem
1253 3836 1329 3883 anno,

78 3901 291 3964 (Ed.Duaei,1624)
304 3897 408 3952 Tartari
422 3895 562 3964 Georgium
575 3895 669 3948 vastare
683 3910 819 3965 ceperunt,
832 3896 922 3949 deinde
933 3897 1087 3950 intraverunt
1100 3898 1220 3951 maiorem
1235 3900 1330 3950 Arme-

304 3978 381 4044 niam,
393 3977 436 4030 ubi
448 3977 483 4029 est
495 3993 567 4028 mona
582 3975 677 4042 Ararh,
691 3976 735 4028 ubi
749 3975 870 4044 requievit
881 3977 957 4028 archa
977 3978 1042 4039 Noe,
1063 3976 1088 4028 in
1108 3976 1178 4028 cuius
1197 3977 1279 4030 radice
1296 3978 1330 4029 est
1345 3989 1404 4025 1220

305 4057 384 4128 prima
400 4057 496 4120 civitas,
507 4073 584 4124 quam
599 4055 725 4107 edificavit
737 4056 802 4120 Noe,
817 4066 905 4108 contra
923 4073 1000 4124 quam
1017 4056 1073 4108 fluit
1090 4055 1207 4107 fluminns
1220 4056 1328 4120 Artosrs,

216 4153 292 4204 paro
305 4137 348 4207 qui
361 4136 416 4188 fluit
429 4153 472 4204 per
492 4133 604 4187 medium
627 4135 757 4202 Mongan,
769 4133 815 4186 ubi
836 4135 892 4186 sunt
912 4135 938 4186 in
958 4136 1051 4204 hyeme
1072 4135 1186 4200 Tartari,
1201 4136 1277 4204 usque
1298 4136 1331 4187 ad

93 4227 290 4287 Eractmso-ssr
306 4233 375 4269 mare
386 4215 557 4268 Salvanicum.
569 4215 644 4266 Nunc
658 4214 692 4266 ad
704 4213 969 4286 historiampedeuntea
979 4215 1101 4278 dicamus,
1110 4215 1178 4281 quod
1190 4214 1288 4282 legatus
1300 4215 1333 4266 de

307 4295 428 4350 Damiata
440 4292 675 4363 proceffitulteritu,
687 4292 732 4361 qui
750 4309 810 4344 vero
827 4310 855 4344 ex
877 4303 947 4360 parte
969 4291 1035 4360 regia
1056 4292 1186 4344 Ierusalem
1209 4304 1288 4355 erant,
1300 4293 1332 4345 iiii

307 4375 463 4440 denuntiant,
482 4373 541 4443 quia
559 4389 602 4443 per
620 4372 669 4426 hoc
694 4371 729 4424 illi
756 4371 838 4426 honor
866 4373 889 4424 δι
915 4371 1053 4424 dominium
1078 4371 1196 4435 demitur,
1227 4371 1266 4424 ile
1286 4371 1333 4424 iter

308 4453 439 4518 accelerat,
461 4453 485 4504 δι
508 4451 557 4504 iam
579 4449 702 4504 exercitus
727 4461 797 4503 extra
820 4448 932 4518 pomeria
957 4449 1064 4502 civitatis
1090 4449 1168 4501 castra
1192 4450 1336 4521 locaverat,

308 4531 400 4603 vixque
420 4529 531 4584 obtinuit
548 4529 636 4582 diebus
655 4541 767 4601 quatuor
779 4528 910 4600 expectari.
935 4529 1031 4588 Quinta
1051 4528 1091 4580 die
1112 4528 1158 4580 iter
1169 4526 1295 4580 assumunt
1310 4531 1334 4582 δι
1351 4541 1406 4575 1221

309 4629 354 4682 per
374 4611 454 4680 ripam
477 4609 587 4663 fluminis
608 4627 639 4662 ex
661 4621 733 4678 parte
755 4609 874 4662 Damiate
894 4608 1006 4677 equitant
1027 4610 1051 4660 δι
1073 4608 1142 4659 iuxta
1163 4624 1205 4659 eos
1227 4606 1334 4675 ipsorum

310 4689 410 4760 navigia
424 4691 516 4743 euntia
528 4688 663 4743 necessaria
678 4700 788 4758 portant,
808 4688 928 4756 nulloque
946 4687 1100 4758 prohibente,
1113 4687 1179 4740 venir
1192 4687 1224 4737 ad
1242 4688 1336 4754 locum,

452 4794 471 4830 r
1194 4792 1224 4840 33
