4168 6502
585 959 678 1049 199.
713 924 869 1019 Flavius
890 924 1082 1019 Blondus.
1247 956 1331 1050 275

321 1189 446 1272 quidem
459 1186 647 1250 craffitudine
662 1186 692 1249 δι
709 1184 883 1251 celsitudine
903 1187 946 1250 illi
969 1187 1080 1267 similis,
1100 1210 1192 1272 quam
1206 1189 1242 1252 ad
1258 1187 1335 1251 Pha·
1349 1194 1407 1243 1²18

321 1298 377 1338 ron
398 1275 562 1355 &Nilum
584 1275 677 1338 stante
702 1296 829 1338 romano
854 1276 992 1358 imperio,
1016 1274 1099 1339 suisl'e
1123 1276 1261 1359 legimus,
1285 1276 1333 1339 sed

319 1385 379 1447 que
392 1362 568 1425 suburbium
583 1363 612 1424 δι
626 1379 828 1426 mercatorum
848 1364 1010 1445 apothecas
1031 1385 1066 1426 ac
1087 1365 1208 1446 publica
1226 1366 1335 1426 horrea

320 1451 430 1534 pyratis
443 1449 657 1535 nodturnisque
672 1451 854 1533 predonibus
868 1466 1024 1514 tutaretur.

361 1521 574 1625 Quamobrem
587 1538 638 1600 sub
659 1537 750 1601 nostri
771 1540 921 1601 exercitus
940 1537 1087 1602 accessum
1102 1539 1217 1602 addidit
1230 1539 1336 1602 Solda-

318 1648 376 1690 nus
390 1625 532 1689 suburbio
547 1626 666 1708 utrique
682 1624 851 1708 presidia&
872 1627 1056 1690 munitiones
1076 1628 1210 1710 undique
1224 1626 1336 1688 instau-

320 1714 405 1778 ravit.
419 1712 480 1776 Eas
494 1715 567 1774 dum
581 1712 672 1775 nostri
683 1730 860 1796 oppugnant
872 1715 1056 1777 munitiones
1067 1716 1236 1797 turrimque
1248 1714 1336 1777 undi-

319 1822 379 1886 que
392 1800 540 1863 machinis
554 1801 703 1883 quatiunt,
717 1801 805 1864 multi
820 1824 874 1882 per
888 1803 951 1863 dies
965 1801 1095 1884 singulos
1109 1802 1256 1880 cecidere,
1265 1823 1335 1864 curn

320 1904 420 1951 tamen
435 1907 471 1949 ea
491 1888 598 1950 maiori
619 1887 754 1950 barbarie
777 1885 889 1950 occisio
909 1891 1161 1968 committeretur,
1184 1890 1335 1973 evicitque

319 1975 542 2038 sortiffimorum
556 1996 593 2037 ex
613 1975 696 2036 omni
721 1976 854 2057 pervicia
867 1975 987 2038 alternis
1002 1977 1200 2058 pugnantium
1220 1975 1336 2040 nostro·

318 2083 387 2125 rum
400 2063 506 2142 virtus,
520 2062 551 2124 dr
564 2062 706 2144 superatis
728 2063 947 2125 munitionibus
971 2078 1130 2144 acceptum
1150 2065 1232 2127 cedis
1251 2067 1336 2126 dam-

319 2171 392 2214 num
411 2150 542 2232 decuplo
562 2149 637 2212 hosti
661 2151 813 2212 redditum
834 2150 909 2234 [est].
924 2151 1058 2213 Annona
1072 2173 1144 2214 vero
1168 2152 1198 2214 in
1219 2153 1336 2216 horreis

318 2237 577 2320 mercimoniaque
587 2253 704 2319 reperta
712 2239 743 2300 in
751 2237 908 2320 apothecis
918 2259 990 2299 cum
999 2237 1086 2300 militi
1095 2235 1233 2300 concessa
1243 2238 1337 2319 suere,

318 2323 474 2473 qpulentia
492 2323 725 2474 ehilstnimilm
746 2325 840 2475 castqq
851 2323 946 2475 1sqrrlrul
966 2325 1115 2388 &leticia
1135 2325 1200 2472 susnt
1213 2325 1334 2425 repleta

370 2431 435 2474 ems
446 2431 536 2492 ramp
589 2433 666 2474 eme
689 2428 800 2491 raerat,
885 2435 953 2492 rus,
985 2434 1154 2475 uemacon
1167 2429 1236 2475 ueta
1247 2432 1337 2475 mun-

317 2433 440 2561 daytione
451 2519 505 2580 per
513 2499 542 2560 id
554 2501 701 2581 temporis
712 2501 810 2562 timeri
819 2522 880 2562 non
892 2435 1084 2582 oporiuiqab
1091 2501 1182 2562 maris
1193 2499 1337 2580 illatione,

318 2607 409 2669 quam
423 2606 513 2648 eurus
527 2586 676 2649 maximus
690 2589 814 2666 invexit,
827 2591 906 2670 ripas
921 2585 1049 2671 egressus
1063 2588 1115 2664 esi,
1125 2590 1201 2650 adeo
1212 2604 1246 2650 ut
1257 2590 1337 2650 unda

317 2675 406 2738 maris
421 2672 565 2736 immensa
578 2673 701 2753 sublata,
708 2675 745 2737 de
753 2677 850 2738 amnis
859 2675 1236 2738 redundantianostrorum
1243 2675 1338 2738 castra

317 2761 484 2845 pervaserit.
500 2761 592 2825 Unde
606 2763 895 2844 impedimentorum
909 2764 1025 2827 iadlura
1038 2763 1117 2826 faeta
1134 2763 1163 2825 δι
1183 2784 1338 2826 commea-

317 2863 403 2911 tuum
418 2868 484 2931 pars
499 2850 630 2911 maxima
643 2865 786 2932 corrupta
804 2850 855 2911 est.
877 2849 937 2914 Cui
957 2847 1038 2912 malo
1058 2851 1191 2912 remedia
1211 2849 1337 2932 desuper

315 2937 392 2999 adeo
416 2935 577 2999 cardinalis
601 2935 716 3018 legatus
738 2937 917 3020 &episcopi
939 2937 1162 3019 sacerdotesque
1183 2937 1337 3020 querenda

317 3021 375 3087 else
401 3021 554 3086 iusserunt.
582 3021 691 3104 quue
714 3023 800 3086 finito
829 3025 943 3087 ieiunio
963 3026 1053 3087 maris
1075 3023 1274 3107 tranquillitas
1295 3024 1338 3087 est

316 3111 425 3190 secuta,
435 3133 498 3194 quo
523 3111 632 3174 iterum
658 3111 707 3173 die
730 3113 829 3175 maior
844 3110 904 3175 Dei
931 3113 1115 3196 benignitate
1129 3113 1258 3175 vidiorie
1273 3112 1337 3194 spes

315 3199 482 3263 christianis
506 3220 543 3261 ex
569 3198 729 3282 improviso
755 3199 877 3263 affluxit.
902 3200 1024 3263 Soldani
1049 3200 1150 3278 castra,
1171 3221 1230 3282 que
1252 3198 1338 3261 suum

314 3287 416 3351 nostro
431 3289 577 3349 maiorem
591 3288 758 3349 exercitum
772 3287 937 3367 servabant,
951 3309 968 3349 a
986 3287 1215 3350 christianorum
1236 3288 1337 3352 castris

315 3373 399 3437 &ab
420 3375 482 3458 ipsa
502 3376 576 3438 urbe
598 3374 744 3438 Damiata
764 3376 867 3455 fluvio,
889 3379 927 3438 de
952 3398 1014 3459 quo
1039 3376 1180 3452 diximus,
1201 3376 1337 3437 tenuiore

316 3460 545 3542 dirimebantur,
564 3485 625 3546 que
649 3479 749 3526 tamen
773 3464 810 3526 ad
834 3463 918 3525 mille
942 3460 1039 3547 pallus
1063 3464 1099 3525 ab
1121 3462 1185 3543 ipso
1201 3461 1338 3525 distantia

315 3549 408 3611 fluvio
423 3548 490 3612 Nili
505 3551 614 3632 integri
629 3551 694 3634 ripe
705 3567 790 3614 erant
804 3551 947 3634 apposita,
958 3551 1038 3613 unde
1054 3547 1179 3632 presidia
1190 3550 1221 3611 in
1234 3550 1337 3611 urbem

315 3637 501 3719 nuntiosque
525 3639 665 3700 mittendi
690 3637 815 3701 facultas
840 3638 964 3701 soldano
993 3639 1125 3700 maxima
1153 3643 1227 3715 er'at,
1254 3637 1336 3719 quod

316 3723 422 3807 scaphe
446 3727 478 3786 in
493 3725 586 3787 fluvio
600 3722 737 3807 disposite
752 3726 781 3789 dt
795 3748 832 3788 ex
853 3727 927 3788 urbe
941 3727 972 3788 in
995 3725 1076 3788 illius
1090 3722 1184 3787 casira
1201 3726 1338 3787 dimitte·

315 3811 462 3874 rentur&
482 3814 638 3876 venientes
661 3814 755 3876 nodtu
778 3834 812 3876 ac
827 3815 980 3877 interdum
1002 3815 1247 3876 introducerent:
1263 3833 1337 3894 quas

316 3898 400 3961 illico
413 3898 572 3964 subduttas
585 3899 671 3963 nullo
681 3900 773 3963 noslri
790 3902 910 3985 navigio
932 3917 1074 3984 poterant
1093 3901 1279 3983 intercipere.
1291 3898 1339 3961 Ea

316 4006 349 4047 re
363 3985 516 4050 intelledla
530 3987 643 4051 incessit
658 3987 775 4051 nostros
800 3988 910 4050 milites
930 3986 1024 4050 libido
1048 3986 1234 4070 inspiciendi,
1256 3982 1337 4068 sique

316 4071 411 4156 pollet
422 4075 491 4138 urbs
502 4076 592 4137 unica
601 4072 755 4138 obsidione
770 4075 847 4138 ultra
857 4076 993 4158 citraque
1003 4074 1130 4137 fluvium
1141 4074 1337 4136 circumdari:

316 4180 394 4244 quos
420 4183 491 4224 cum
518 4159 636 4224 vidisset
662 4163 693 4224 in
721 4160 847 4224 alteram
882 4163 1034 4224 traduttos
1068 4163 1165 4244 ripam
1199 4161 1338 4223 soldanus

229 4269 265 4317 ,ι’
276 4289 303 4316 v.
316 4250 447 4312 amentia
476 4249 577 4332 potius
607 4270 699 4332 quam
731 4271 843 4331 pavore
871 4250 1047 4331 perterritus
1082 4249 1142 4311 est:
1177 4248 1337 4330 paucisque

316 4337 437 4400 dimiffis
459 4337 714 4419 exploratoribus,
739 4341 792 4420 qui
816 4334 983 4419 progressos
1008 4336 1199 4420 inspicerent,
1222 4334 1337 4418 stbique

317 4425 537 4501 renunciarent,
563 4425 655 4488 castra
690 4426 809 4510 fugiens
842 4426 1068 4507 impedimentis
1103 4439 1337 4506 commeatuque

317 4513 408 4597 plena
430 4512 560 4596 reliquit.
584 4513 790 4597 Videntesque
817 4513 984 4596 lugientem
1011 4513 1189 4574 continuato
1217 4510 1337 4593 agmine

317 4599 485 4664 densrffimo
499 4601 656 4663 barbarum
671 4600 819 4663 christiani
835 4599 946 4663 milites
961 4616 1040 4662 trans
1061 4620 1183 4662 amnem
1205 4615 1337 4681 agentes,

318 4688 412 4773 perse
433 4688 578 4772 quidnam
599 4709 635 4751 ea
654 4686 707 4750 fibi
727 4688 819 4752 vellet
840 4688 999 4771 proiedtio,
1020 4685 1190 4769 inspediuri,
1213 4687 1336 4767 propius
