4362 6560
586 1009 659 1133 98.
683 1005 946 1100 Barthordus
967 1002 1257 1136 Biberocenfis.
1351 1035 1433 1128 ¹57

413 1269 580 1349 Saraceni,
600 1271 651 1354 qui
663 1270 794 1332 exterius
808 1284 903 1349 erant,
922 1267 1038 1352 possent
1052 1269 1149 1332 facere
1164 1269 1313 1350 impetum
1327 1269 1435 1346 ineos,

413 1355 604 1441 quodetiam
624 1355 722 1438 sepius
742 1355 897 1420 Sarraceni
914 1372 1137 1438 attemptarent.
1158 1352 1194 1418 In
1216 1356 1262 1418 his
1283 1355 1434 1418 condisti-

413 1443 469 1508 bus
479 1443 660 1528 &operibus
672 1443 871 1509 Colonienses
882 1444 912 1508 δι
925 1443 952 1508 F
952 1445 1068 1508 resones
1082 1444 1113 1507 bt
1124 1445 1173 1528 alij
1192 1445 1230 1506 de
1241 1443 1434 1508 inferioribus

413 1533 549 1616 partibus
577 1531 606 1596 se
630 1531 839 1596 strenuissimos
860 1534 890 1596 δι
914 1533 1079 1596 laudabiles
1103 1533 1316 1596 exhibuerunt.
1340 1530 1436 1596 Fama

413 1623 515 1704 itaque
539 1619 704 1703 divulgata,
723 1620 806 1703 quod
828 1618 939 1683 obsessa
961 1618 1032 1682 esset
1056 1621 1172 1698 civitas,
1197 1619 1324 1683 cottidie
1339 1619 1435 1681 crevit

413 1709 564 1772 exercitus
588 1706 777 1786 christianus,
800 1729 871 1770 nam
893 1706 980 1770 multi
1012 1707 1225 1786 adventabant,
1252 1709 1331 1769 inter
1357 1727 1434 1790 quos

413 1797 495 1859 bone
508 1796 655 1858 memorie
674 1794 800 1858 Sifridus
821 1793 1015 1879 Augustensrs
1039 1796 1196 1877 episcopus
1218 1796 1248 1858 δι
1268 1815 1372 1858 comes
1397 1795 1434 1856 de

414 1884 580 1950 Voheburc
593 1882 625 1946 bt
638 1882 687 1965 alij
704 1883 905 1966 quamplures
916 1884 1113 1946 advenerunt.
1124 1883 1239 1946 Videns
1251 1900 1353 1945 autem
1367 1882 1435 1945 Sol-

414 1973 519 2050 danus,
529 1972 612 2055 quod
628 1971 665 2032 ab
680 1969 835 2034 obsidione
849 1993 911 2034 non
928 1970 1022 2052 pollet
1035 1993 1089 2035 eos
1103 1973 1132 2032 vi
1147 1970 1293 2053 repellere
1314 1971 1362 2033 vel
1377 1970 1435 2033 suis

412 2058 561 2122 auxilium
581 2059 732 2138 conferre,
749 2059 831 2142 cepit
855 2060 893 2122 de
915 2081 989 2141 pace
1014 2059 1151 2122 traslare.
1177 2058 1311 2121 Volebat
1333 2072 1435 2121 autem

413 2146 540 2210 reddere
557 2146 724 2211 christianis
742 2148 897 2210 civitatem
912 2147 1149 2210 Hierosolimam
1164 2145 1194 2208 δι
1207 2165 1274 2208 eam
1296 2167 1435 2228 reparare

414 2235 445 2297 io
459 2234 555 2297 muris
568 2234 599 2296 bt
612 2231 750 2312 edificiis,
764 2232 839 2297 sicut
860 2250 925 2297 erat
938 2237 1104 2316 quondam,
1119 2234 1242 2316 quando
1265 2249 1350 2316 pater
1368 2232 1435 2298 suus
1452 2285 1456 2294 .

414 2319 572 2384 Saladinus
585 2321 668 2403 cepit
681 2323 819 2384 eandem.
834 2319 958 2403 lnsuper
972 2343 1096 2382 omnem
1111 2337 1234 2399 terram,
1249 2340 1341 2402 quarn
1361 2319 1435 2381 olim

415 2408 601 2490 poffidebant
614 2409 776 2490 christiani,
790 2411 924 2491 exceptis
939 2409 1057 2471 duobus
1081 2407 1191 2486 castris,
1212 2409 1334 2470 volebat
1351 2406 1436 2469 resti-

415 2512 511 2574 tuere,
530 2512 680 2580 quatenus
701 2499 877 2560 recederent
890 2498 927 2559 ab
942 2494 1108 2559 obsidione.
1124 2493 1230 2582 Quam
1241 2495 1437 2577 compositio-

414 2605 486 2647 nem
507 2584 623 2667 legatus
636 2585 711 2648 sedis
726 2584 889 2668 apostolice
904 2585 955 2666 qui
970 2584 1074 2646 aderat
1094 2584 1125 2647 bt
1144 2583 1315 2667 Templarij
1332 2581 1363 2645 δι
1384 2580 1434 2666 alij
1527 2640 1530 2648 ,

415 2671 547 2736 remores
571 2674 719 2736 exercitus
741 2691 795 2756 pro
823 2672 874 2734 sua
903 2671 1041 2754 superbia
1068 2672 1229 2734 admittere
1252 2671 1436 2734 recusabant

414 2757 490 2822 Ideo
504 2761 644 2842 contigit,
658 2777 691 2822 ut
704 2760 741 2822 ad
756 2760 914 2822 modicum
929 2758 1061 2822 letificati
1078 2760 1234 2842 gaudium,
1247 2759 1330 2842 quod
1348 2757 1437 2821 stulte

416 2849 454 2911 de
463 2846 604 2930 prospero
618 2847 747 2910 successu
762 2863 957 2930 acceperunt,
971 2847 1133 2910 infeliciter
1148 2849 1319 2928 perderent.
1339 2846 1438 2911 Cum-

414 2955 474 3018 que
487 2934 593 2996 civitas
612 2935 664 2996 diu
679 2933 863 2997 obsideretur
877 2933 906 2996 δι
920 2934 1023 2997 obsessi
1043 2955 1125 2997 nunc
1147 2933 1235 3014 farne,
1250 2955 1332 2996 nunc
1355 2933 1437 3016 peste

414 3022 555 3105 perirent,
569 3020 711 3103 &portas
725 3021 854 3084 civitatis
876 3023 1011 3104 undique
1034 3023 1128 3084 muris
1147 3020 1370 3100 obstruxissent,
1384 3042 1436 3103 pre

413 3110 565 3173 anxietate
585 3130 696 3192 magno
717 3107 833 3172 silentio
848 3125 914 3172 tota
926 3110 1032 3172 civitas
1047 3110 1205 3172 conticuit.
1221 3109 1298 3172 Sane
1312 3111 1437 3192 quidem

413 3197 445 3259 in
459 3198 595 3260 exercitu
606 3194 767 3258 christiano
778 3216 850 3258 cum
861 3196 1041 3280 quibusdam
1053 3195 1174 3258 occulte
1189 3194 1348 3259 confilium
1360 3198 1437 3276 iniit,

414 3301 448 3347 ut
462 3285 493 3347 in
508 3284 640 3368 quadam
654 3300 737 3366 parte
751 3284 881 3347 civitatis
895 3284 1037 3347 clanculo
1050 3286 1088 3346 de
1101 3283 1192 3347 noete
1204 3284 1295 3348 scalas
1305 3286 1437 3348 advehe-

414 3388 491 3450 rent,
505 3393 559 3454 per
580 3393 655 3455 quas
670 3373 770 3454 primo
796 3371 932 3434 diluculo
957 3393 1060 3435 muros
1080 3372 1211 3435 civitatis
1235 3372 1439 3453 ascenderent,

415 3481 485 3524 nam
499 3459 605 3543 vigiles
624 3461 685 3522 iam
705 3463 926 3524 conticuerant.
951 3460 1061 3542 Sicque
1083 3459 1196 3522 fabium
1218 3458 1269 3522 est.
1294 3460 1438 3544 Cumque

414 3546 608 3612 ascendissent
622 3569 725 3612 muros
745 3550 885 3627 civitatis,
899 3547 1145 3611 exclamaverunt
1153 3562 1274 3629 captam
1288 3546 1347 3611 else
1361 3549 1439 3612 civi-

415 3651 518 3700 tatem.
530 3634 640 3720 Sicque
654 3636 788 3700 timor&
802 3638 873 3718 fuga
889 3636 969 3698 fasta
984 3635 1050 3697 sunt
1063 3636 1142 3697 intra
1153 3655 1266 3714 muros,
1280 3651 1365 3697 extra
1384 3658 1439 3699 ve·

414 3743 448 3784 ro
464 3724 611 3788 tumultus
623 3725 756 3807 undique
771 3726 950 3788 irruentium
963 3725 995 3785 in
1011 3723 1106 3806 ipsam
1126 3723 1282 3785 civitatem
1304 3720 1362 3786 sive
1384 3747 1438 3808 per

414 3832 519 3876 muros
533 3814 758 3876 ascendentium
773 3809 831 3875 sive
846 3827 949 3895 portas
959 3810 1102 3874 &muros
1113 3809 1351 3892 infringendum.
1363 3811 1440 3877 Fac·

415 3916 505 3985 taque
519 3901 561 3965 est
575 3903 651 3965 intra
670 3903 824 3964 civitatem
849 3901 938 3964 cedes
960 3902 1092 3962 maxima
1109 3898 1356 3979 sarracenorum,
1377 3915 1439 3962 tarn

415 3988 548 4051 virorum
561 4011 653 4072 quam
668 3990 831 4052 mulierum
846 4009 939 4073 quam
954 3987 1162 4071 parvulorum,
1172 3989 1255 4051 itaut
1269 3985 1340 4050 elset
1355 3987 1438 4050 mise·

415 4076 509 4140 rabile
546 4077 749 4160 spectaculum
774 4079 866 4141 etiam
886 4075 954 4159 ipsis
985 4076 1152 4140 christianis
1176 4076 1266 4138 tediis
1293 4074 1439 4138 corde&

414 4164 500 4228 flexis
521 4167 653 4228 humana
673 4165 886 4249 compaffione.
916 4162 982 4226 Iam
1005 4164 1200 4246 expelluntur
1224 4163 1439 4242 sarraceni&

415 4253 564 4317 christiani
577 4253 725 4336 poffident
740 4255 895 4317 civitatem
910 4252 1078 4316 &firmant
1098 4275 1165 4316 eam
1180 4253 1325 4336 undique.
1341 4251 1437 4314 Multi

415 4363 539 4425 quoque
560 4342 763 4424 principes&
796 4342 845 4426 alij
874 4341 1025 4405 christiani
1050 4343 1177 4405 cottidie
1192 4340 1393 4403 adveniebant
1406 4340 1438 4402 in

415 4429 507 4512 ipsam
527 4431 683 4493 civitatem
706 4452 761 4513 pro
791 4429 961 4493 defensione
987 4427 1077 4511 ipsius
1108 4445 1217 4491 contra
1246 4428 1437 4491 Sarracenos.

414 4515 500 4581 Inter
518 4539 596 4602 quos
614 4518 737 4581 advenit
756 4519 848 4582 etiarn
865 4516 1051 4581 Ludewicus
1071 4518 1132 4578 dux
1151 4516 1371 4594 Bawariorum,
1385 4516 1436 4598 qui

414 4607 475 4670 iam
492 4606 608 4669 dudum
621 4607 719 4669 luerat
729 4626 819 4670 cruce
834 4603 973 4688 lignatus.

455 4694 599 4777 Cumque
613 4693 737 4776 polleffa
753 4693 825 4759 esset
843 4695 949 4758 civitas
969 4714 988 4755 a
1009 4692 1176 4756 christianis
1196 4692 1257 4756 iam
1281 4690 1375 4775 usque
1399 4689 1436 4754 ad
1451 4708 1508 4745 1²21
