4110 6594
488 1043 589 1166 36a.
630 1041 845 1134 Walterus
865 1041 916 1134 de
940 1043 1168 1134 Coventric.
1245 1073 1324 1165 333

811 1455 842 1522 11

345 1699 651 1792 rrsrrmowu
676 1701 749 1790 m<
770 1699 980 1790 meacm
1005 1696 1307 1792 aureamin

720 1821 926 1915 sctum.

762 2045 897 2122 *ηε*

494 2282 573 2382 3⁶⁰·
599 2281 822 2352 Wnurunus
846 2299 897 2351 nr,
921 2280 1164 2370 Covnurnrn,

641 2439 836 2510 Memorinle
861 2449 1013 2518 (-1227).

319 2599 378 2667 [uu.
387 2599 489 2662 sunu,
498 2597 589 2662 cona,
601 2600 677 2661 1878,
685 2595 752 2662 ῑη-ε,
761 2593 844 2646 vara
852 2593 1000 2648 nnuma
1014 2581 1332 2664 om.naga.c011.,3⁶.]

815 2717 834 2760 *

228 2873 306 2923 μμ
358 2839 500 2904 Plurimis
525 2839 590 2904 aliis
611 2838 762 2902 miraculis
782 2836 823 2899 ibi
846 2837 941 2916 sactis,
963 2859 1023 2919 que
1044 2839 1170 2919 longum
1189 2833 1261 2900 esset
1279 2858 1332 2918 per
1348 2872 1406 2914 ηις

319 2927 432 3010 fingula
461 2947 609 3006 enarrare,
636 2941 735 2988 tamen
763 2924 800 2986 ad
827 2924 975 2986 honorem
1015 2923 1183 2986 sanctorum
1222 2923 1333 3007 Anglie

319 3017 449 3098 quedam
473 3036 533 3098 que
557 3015 598 3077 ibi
622 3013 816 3096 contigerunt
829 3013 879 3074 hic
894 3012 1021 3074 inserere
1036 3013 1160 3094 dignum
1183 3012 1333 3075 duximus.

320 3105 402 3169 Cum
423 3119 513 3184 capta
535 3098 607 3165 esset
629 3103 734 3164 civitas
756 3123 773 3162 a
790 3101 964 3178 christianis,
979 3098 1192 3182 archiepiscopi
1208 3099 1238 3163 δι
1256 3098 1334 3182 epis·

320 3192 391 3273 copi
405 3191 473 3253 sana
487 3188 639 3252 Maumeti
655 3210 714 3272 que
729 3189 813 3271 plura
831 3188 861 3250 in
876 3187 936 3271 ipsa
951 3189 1073 3250 civitate
1092 3202 1177 3249 erant
1191 3188 1221 3249 in
1236 3186 1335 3250 eccle·

319 3277 372 3341 stas
391 3277 559 3339 sanstorum
580 3276 837 3354 consecraverunt,
858 3275 895 3337 ad
913 3274 1083 3337 instantiam
1103 3295 1177 3336 vero
1201 3279 1342 3356 quorun·'

320 3366 389 3426 dam
414 3365 546 3428 militurn
572 3364 745 3447 Anglorum
767 3361 819 3446 qui
842 3362 884 3425 ibi
912 3366 1045 3438 aderant,
1070 3361 1242 3426 consecrate
1270 3362 1336 3426 sunt

320 3454 379 3514 due
401 3448 525 3514 eccleste
546 3453 576 3515 in
602 3453 717 3514 honore
741 3451 872 3513 duorum
892 3466 1056 3534 martyrum
1084 3450 1336 3532 Anglicanorum,

321 3538 533 3602 scilicetsansti
550 3537 705 3602 Edmundi
728 3539 806 3622 regis
827 3538 857 3601 &
877 3540 1025 3620 martyris,
1046 3537 1076 3600 δι
1097 3536 1188 3599 saneti
1209 3538 1336 3600 Thome

228 3670 249 3715 ρ,
262 3667 305 3715 ²43
321 3626 528 3710 archipresulis
549 3625 767 3690 Cantuarensu.
788 3625 927 3710 Quidam
948 3645 1020 3687 vero
1035 3624 1121 3687 miles
1141 3626 1279 3708 egregius
1298 3627 1335 3689 de

321 3714 443 3798 Anglia,
456 3714 554 3778 dietus
569 3714 716 3778 Ricardus
732 3715 769 3776 de
784 3714 977 3796 Argentonio
997 3713 1071 3775 infra
1088 3713 1243 3776 ecclesiam
1258 3714 1336 3778 beati

319 3802 475 3867 Edmundi
489 3801 727 3885 superpatietem
739 3803 902 3886 depingere
917 3802 988 3864 secit
1006 3803 1181 3883 martyrium
1195 3802 1336 3865 eiusdem.

320 3890 461 3974 Contigit
480 3906 591 3969 autem,
607 3906 639 3953 ut
653 3891 702 3952 die
716 3890 847 3972 quadam
862 3893 940 3952 inter
960 3889 1039 3953 sacra
1052 3889 1202 3954 missarum
1216 3889 1336 3953 sollem-

319 3981 370 4042 nia
400 3979 510 4042 astante
541 3981 736 4043 multitudine
766 3978 1018 4057 christianorum,
1055 3981 1179 4042 intraret
1211 3981 1335 4063 quidam

321 4065 507 4132 Flandrensts
527 4070 558 4130 in
579 4068 707 4131 eandem
728 4065 892 4131 ecclestam.
918 4065 985 4153 Qui
1006 4088 1077 4129 cum
1099 4067 1259 4151 respiceret
1274 4067 1335 4151 [ad]

320 4153 469 4237 pisturam
483 4155 621 4238 paffionis
641 4155 718 4217 beati
741 4155 890 4236 martyris,
904 4169 1100 4237 cerneretque
1119 4157 1249 4239 effigiem
1267 4177 1336 4218 cor·

321 4241 404 4324 poris
418 4240 507 4325 ipsius
521 4243 634 4305 nudam
654 4242 684 4305 δι
706 4243 840 4324 undique
861 4242 1034 4324 sagittarum
1053 4240 1197 4305 denfitate
1217 4243 1336 4306 consos-

320 4329 391 4408 sam,
410 4330 577 4414 corpusque
597 4331 811 4412 cumpinum,
823 4330 853 4391 in
868 4331 960 4392 verba
975 4329 1157 4412 blasphemie
1171 4351 1243 4415 erga
1256 4352 1336 4394 mar-

321 4435 416 4500 tyrem
440 4417 492 4480 tali
511 4418 604 4481 modo
626 4418 780 4500 prorupit:
811 4417 955 4481 <Nullus
977 4420 1068 4480 debet
1089 4422 1212 4482 credere
1239 4419 1334 4501 ipsum

320 4526 423 4590 regem
437 4505 531 4585 fuisse,
549 4507 600 4589 qui
617 4505 667 4569 tali
682 4521 779 4567 morte
794 4505 899 4568 &tarn
915 4506 1112 4588 ignominiosa
1135 4507 1249 4571 occisus
1271 4509 1335 4570 fue-

321 4611 399 4656 rac»
424 4595 495 4658 Hoc
515 4613 617 4658 autern
638 4595 766 4674 dicebat,
780 4597 851 4677 quia
864 4593 890 4658 F
892 4595 1058 4659 landrenses
1080 4595 1202 4659 exosum
1225 4596 1336 4658 habent

321 4697 484 4764 martyrem
505 4697 630 4765 propter
643 4683 842 4746 infortunium
857 4683 939 4766 quod
955 4685 997 4747 eis
1019 4685 1049 4746 in
1064 4683 1178 4768 Anglia
1198 4700 1336 4765 tempore

321 4770 448 4834 Henrici
472 4769 594 4834 secundi
614 4773 691 4855 regis
713 4770 884 4854 Angsorum
908 4772 985 4834 infra
1011 4771 1095 4835 licias
1119 4769 1209 4858 ipsius
1226 4773 1335 4837 evenit.
