4362 6560
854 1003 936 1117 148
983 1002 1226 1132 ‘sastinionia
1256 1001 1297 1092 in
1333 1002 1553 1093 Germania
1567 1001 1749 1125 scriptu.

774 1267 830 1317 Mat
844 1261 1039 1326 multitudine
1050 1260 1234 1345 signatorum
1244 1283 1328 1325 mare
1339 1261 1502 1325 transeunt.
1516 1259 1552 1324 ln
1574 1263 1654 1325 maio
1666 1261 1758 1324 etiam
1768 1263 1869 1326 mense

771 1366 830 1415 ¹²¹7
843 1370 935 1413 naves
950 1347 1055 1412 onuste
1065 1350 1150 1411 omni
1166 1365 1311 1432 apparatu
1322 1349 1500 1412 vidlualium
1510 1350 1540 1412 ii
1549 1369 1705 1412 armorum
1720 1348 1758 1412 de
1769 1349 1868 1412 diver-

843 1439 879 1502 sis
893 1437 1029 1520 partibus
1050 1437 1257 1517 adventantes,
1279 1459 1446 1521 equoreum
1466 1439 1522 1501 iter
1542 1435 1668 1521 ingresse
1686 1436 1762 1500 &in
1777 1451 1868 1519 portu

843 1524 967 1609 Anglie,
980 1526 1030 1588 cui
1040 1546 1154 1589 nomen
1167 1525 1363 1605 Dormunde,
1377 1545 1436 1610 350
1446 1526 1627 1606 coadunate,
1640 1525 1779 1609 oppansis
1793 1525 1868 1589 velis

843 1616 901 1698 &7
913 1615 963 1677 die
976 1615 1183 1698 navigacionis
1197 1613 1247 1677 sue
1258 1613 1452 1698 prosperante
1468 1613 1539 1678 Deo
1554 1615 1586 1677 in
1601 1629 1725 1696 portum
1739 1613 1868 1677 civitatis

845 1703 961 1767 Pharan
973 1702 1193 1785 applicuerunt.
1205 1699 1251 1764 Ibi
1262 1704 1390 1766 navibus
1400 1703 1504 1786 egreffi
1516 1701 1552 1765 ad
1564 1702 1708 1765 Sandium
1719 1699 1867 1782 Iacobum
1880 1737 1902 1781 p.
1913 1732 1960 1780 ²39

843 1791 880 1854 ad
902 1806 1020 1853 oratum
1041 1805 1181 1873 pergunt.
1205 1789 1319 1874 Egressi
1339 1791 1410 1853 inde
1431 1792 1468 1853 ad
1492 1790 1693 1853 Ulixibonam
1713 1791 1868 1853 civitatem

843 1878 1000 1963 Yspannie
1021 1893 1234 1961 pervenerunt
1260 1878 1322 1940 Ubi
1345 1879 1418 1940 dum
1440 1899 1494 1961 per
1508 1877 1632 1962 aliquod
1648 1892 1768 1961 tempus
1782 1899 1870 1940 com-

843 1983 998 2031 morantes
1015 1968 1043 2029 se
1059 1982 1237 2045 recrearent,
1248 1965 1443 2028 instrumenta
1453 1967 1483 2029 a
1494 1963 1631 2029 utensilia
1645 1967 1769 2028 naviuin
1782 1987 1870 2049 repa·

843 2070 956 2134 rarent,
969 2055 1128 2138 episcopus
1149 2055 1265 2137 prefate
1279 2055 1410 2119 civitatis
1432 2075 1504 2117 cum
1517 2053 1662 2136 episcopo
1676 2052 1802 2138 Egrensi
1816 2075 1869 2116 eos

843 2140 1001 2227 aggressus,
1024 2143 1142 2224 magnis
1166 2143 1307 2224 precibus
1332 2143 1369 2204 ad
1394 2142 1582 2206 obsidionem
1606 2142 1738 2206 civitatis
1767 2141 1870 2205 Alliaz

841 2231 969 2294 nomine
979 2230 1156 2292 invitabant.
1173 2229 1248 2293 Erat
1260 2245 1362 2292 autem
1374 2229 1435 2312 ipsa
1449 2230 1556 2292 civitas
1570 2231 1601 2291 in
1612 2227 1747 2291 confinio
1761 2249 1870 2290 eorum

843 2321 929 2401 supra
943 2337 1024 2380 mare
1043 2313 1107 2396 sita,
1128 2318 1260 2380 turribus
1275 2316 1558 2400 &propugnaculis
1578 2316 1743 2396 sortiffima,
1764 2317 1795 2379 in
1810 2337 1870 2399 qua

843 2406 994 2489 predones
1015 2406 1129 2468 scilicet
1152 2405 1306 2468 Sarraceni
1328 2420 1566 2484 commorantes,
1590 2403 1732 2468 inauditis
1746 2404 1870 2467 calami·

843 2492 955 2556 tatibus
978 2490 1155 2555 &miseriis
1179 2506 1258 2554 terra
1280 2492 1420 2574 marique
1443 2491 1622 2555 christianos
1647 2491 1869 2574 opprimebant

843 2578 902 2643 Sed
922 2579 997 2641 dum
1017 2578 1120 2661 plures
1139 2601 1202 2642 non
1217 2579 1434 2663 aquiescereni,
1453 2578 1501 2643 sed
1517 2596 1642 2662 ceptum
1656 2581 1713 2642 iter
1728 2598 1870 2661 peragere

842 2668 871 2730 se
885 2669 1077 2745 affirmarent,
1086 2667 1277 2730 Wilhelmus
1288 2689 1393 2730 comes
1404 2666 1581 2748 Hollandie,
1597 2667 1754 2750 Georgius
1765 2687 1870 2729 comes

844 2756 882 2818 de
896 2755 1008 2818 Withe
1028 2776 1100 2818 cuin
1123 2755 1178 2820 180
1198 2756 1327 2819 navibus
1348 2757 1389 2818 ibi
1405 2756 1622 2835 remanserunt,
1645 2755 1770 2838 reliquis
1784 2775 1869 2818 tece-

746 2869 827 2918 m„
845 2843 996 2908 dentibus.
1018 2843 1135 2908 Civitas
1153 2845 1185 2907 in
1206 2844 1279 2906 festo
1297 2844 1397 2908 sanese
1411 2844 1553 2909 Praxedis
1567 2846 1692 2928 virginis
1707 2843 1869 2922 obsidetur,

829 2921 985 3014 lmachina
1008 2932 1140 2994 maxima
1163 2932 1201 2994 de
1225 2932 1358 2995 trabibus
1382 2934 1506 2995 navium
1526 2932 1698 3012 fabricatur,
1720 2929 1869 3013 magnelle

829 3023 913 3080 ‘ante
931 3034 1034 3100 portas
1048 3019 1251 3083 collocantur.
1278 3019 1423 3103 Princeps
1446 3020 1577 3083 civitatis
1600 3019 1727 3083 nomine
1751 3018 1869 3098 Albira,

841 3105 952 3168 veritas
966 3107 1122 3170 excidium
1135 3109 1277 3187 civitatis,
1297 3129 1368 3170 nam
1389 3108 1487 3191 sepius
1507 3109 1665 3172 audaciam
1678 3152 1869 3171 .........

881 3191 961 3256 Item
974 3194 1165 3260 Wilbelmus
1185 3217 1290 3259 comes
1304 3196 1471 3260 Hollandie
1489 3197 1520 3261 a
1534 3198 1689 3282 Georgius
1709 3217 1815 3262 comes
1832 3193 1870 3255 de

841 3283 939 3345 Wide
952 3304 1026 3346 cum
1039 3285 1105 3348 aliis
1119 3306 1211 3348 cruce
1226 3283 1346 3368 signatis
1356 3285 1515 3349 Teutonie
1529 3287 1566 3350 ad
1578 3287 1713 3351 Terram
1727 3286 1870 3349 Sandlam

841 3372 965 3454 navigio
980 3371 1130 3454 proficisci
1142 3370 1391 3452 desiderantibus,
1404 3374 1491 3457 super
1505 3396 1602 3438 unum
1616 3376 1655 3438 de
1668 3374 1869 3438 nobilioribus

842 3473 921 3521 terre
930 3458 1041 3539 fluviis,
1054 3460 1183 3524 fluvium
1194 3460 1327 3540 Mosam,
1336 3463 1511 3546 congregati
1522 3463 1589 3526 sunt
1598 3462 1679 3545 apud
1694 3462 1869 3544 Vlerdinge.

727 3572 785 3622 Mai.
797 3588 828 3636 ²9
843 3547 968 3631 Quarto
989 3549 1082 3632 igitur
1095 3551 1155 3613 kal.
1171 3552 1244 3636 iunij
1261 3552 1390 3634 predidli
1406 3553 1558 3635 peregrini
1574 3552 1602 3614 se
1616 3550 1647 3614 δι
1661 3549 1711 3614 sua
1724 3550 1769 3614 illi
1783 3571 1870 3613 com-

843 3636 1031 3718 mendantes,
1053 3641 1103 3701 cui
1124 3638 1216 3704 estin
1234 3640 1414 3703 vestimento
1434 3641 1464 3703 ii
1484 3640 1600 3704 femore
1620 3639 1781 3722 scriptum:
1806 3637 1870 3702 Rex

843 3749 959 3808 regnum
968 3733 1003 3793 sis
1013 3730 1153 3794 Dominus
1162 3732 1361 3796 damnantium
1373 3733 1399 3811 (i
1413 3731 1501 3794 Tim.
1512 3749 1555 3811 vi,
1568 3731 1626 3812 ις),
1640 3726 1781 3812 oppansis
1794 3727 1869 3790 velis

843 3814 896 3876 leti
911 3837 994 3880 mare
1008 3818 1224 3881 conscendunt.
1246 3820 1357 3902 Sicque
1372 3821 1402 3882 in
1417 3819 1547 3902 pulchro
1561 3820 1710 3882 comitatu
1723 3818 1869 3881 sulcantes

755 3928 828 3976 imi
843 3927 959 3990 equora
977 3908 1009 3970 iii
1029 3907 1089 3970 kal
1110 3908 1183 3990 iunij
1205 3907 1361 3991 applicant
1381 3909 1411 3972 in
1427 3908 1540 3991 Anglia
1553 3908 1633 3992 apud
1650 3906 1868 3970 Dertmundin.

752 4015 803 4064 lm.
815 4027 828 4078 ς
843 3995 955 4059 Tertio
977 4017 1073 4060 nonas
1096 3997 1186 4059 buius
1207 3995 1314 4060 mensis
1337 3997 1410 4058 binc
1429 3996 1607 4059 recedentes
1628 3995 1809 4077 perveniunt
1830 3994 1867 4056 ad

843 4102 926 4146 mare
937 4084 1171 4163 Brittannicum,
1185 4084 1237 4147 ubi
1253 4086 1330 4147 inter
1343 4104 1433 4166 rupes
1446 4084 1475 4146 iii
1487 4084 1563 4146 mari
1575 4084 1703 4146 latentes
1713 4082 1869 4145 consradba

842 4169 886 4234 est
907 4173 993 4234 navis
1013 4173 1051 4234 de
1077 4171 1253 4236 Munheim.
1277 4169 1353 4234 Inde
1373 4171 1529 4255 applicant
1547 4172 1579 4234 in
1594 4170 1765 4235 Brittannia
1787 4169 1867 4252 apud

843 4257 987 4323 sanetum
999 4259 1163 4324 Matheum
1178 4263 1209 4324 in
1223 4261 1335 4326 sinibus
1344 4275 1499 4339 terrarum,
1513 4261 1596 4344 quod
1612 4258 1727 4343 vulgari
1742 4260 1868 4321 nomine

842 4345 1058 4430 Fineposterne
1073 4349 1193 4413 dicitur.
1212 4349 1296 4412 Hinc
1317 4349 1499 4431 perveniunt
1520 4348 1558 4410 ad
1580 4363 1704 4430 portum
1726 4346 1823 4411 Phare
1837 4348 1868 4410 in
1881 4370 1961 4419 nuo

843 4457 939 4520 regno
961 4434 1151 4520 Legionensi.
1176 4435 1224 4502 Ibi
1248 4458 1340 4500 naves
1363 4437 1394 4499 in
1409 4453 1500 4519 portu
1517 4437 1736 4520 relinquentes,
1761 4451 1869 4519 petunt

843 4524 950 4589 limina
967 4523 1089 4611 gloriofi
1110 4526 1237 4610 apostoli
1259 4523 1364 4590 lacobi
1389 4525 1643 4608 inConpostella.
1667 4522 1746 4588 Item
1762 4525 1868 4607 prefati

739 4631 830 4695 imm
843 4635 935 4679 cruce
955 4611 1061 4698 signati
1085 4616 1117 4678 in
1136 4617 1278 4700 martyrio
1301 4615 1461 4678 beatorum
1475 4612 1600 4678 Petri&
1614 4613 1700 4678 Pauli
1715 4634 1807 4677 naves
1820 4614 1868 4675 in-

843 4718 933 4782 trant,
946 4723 1027 4766 mare
1042 4703 1217 4784 ascendunt,
1237 4704 1288 4766 ubi
1303 4720 1370 4767 orta
1391 4702 1567 4785 tempestate
1581 4700 1724 4766 seviffima
1737 4701 1868 4784 separate
