<?xml version="1.0" encoding="UTF-8"?>
<!DOCTYPE html PUBLIC "-//W3C//DTD XHTML 1.0 Transitional//EN"
    "http://www.w3.org/TR/xhtml1/DTD/xhtml1-transitional.dtd">
<html xmlns="http://www.w3.org/1999/xhtml" xml:lang="en" lang="en">
 <head>
  <title>
</title>
<meta http-equiv="Content-Type" content="text/html;charset=utf-8" />
  <meta name='ocr-system' content='tesseract 3.04.00' />
  <meta name='ocr-capabilities' content='ocr_page ocr_carea ocr_par ocr_line ocrx_word'/>
</head>
<body>
  <div class='ocr_page' id='page_1' title='image "./testimoniaminor01rhgoog_0168.png"; bbox 0 0 4336 6572; ppageno 0'>
   <div class='ocr_carea' id='block_1_1' title="bbox 730 946 1573 1079">
    <p class='ocr_par' dir='ltr' id='par_1_1' title="bbox 730 946 1573 1079">
     <span class='ocr_line' id='line_1_1' title="bbox 730 946 1573 1079; baseline -0.008 -36"><span class='ocrx_word' id='word_1_1' title='bbox 730 952 789 1043; x_wconf 90' lang='lat'>88</span> <span class='ocrx_word' id='word_1_2' title='bbox 912 949 1156 1079; x_wconf 78' lang='lat' dir='ltr'>‘Testimonia</span> <span class='ocrx_word' id='word_1_3' title='bbox 1178 948 1220 1039; x_wconf 81' lang='lat' dir='ltr'>in</span> <span class='ocrx_word' id='word_1_4' title='bbox 1245 946 1388 1040; x_wconf 83' lang='lat' dir='ltr'>Gallia</span> <span class='ocrx_word' id='word_1_5' title='bbox 1397 948 1573 1072; x_wconf 85' lang='lat' dir='ltr'>scripta.</span> 
     </span>
    </p>
   </div>
   <div class='ocr_carea' id='block_1_2' title="bbox 727 1207 1870 4814">
    <p class='ocr_par' dir='ltr' id='par_1_2' title="bbox 727 1207 1756 2788">
     <span class='ocr_line' id='line_1_2' title="bbox 728 1207 1752 1295; baseline 0.002 -19"><span class='ocrx_word' id='word_1_6' title='bbox 728 1233 857 1295; x_wconf 90' lang='lat' dir='ltr'>rumque</span> <span class='ocrx_word' id='word_1_7' title='bbox 867 1211 898 1274; x_wconf 70' lang='lat' dir='ltr'>st</span> <span class='ocrx_word' id='word_1_8' title='bbox 908 1210 1062 1294; x_wconf 84' lang='lat' dir='ltr'>galearum</span> <span class='ocrx_word' id='word_1_9' title='bbox 1074 1209 1194 1274; x_wconf 76' lang='lat' dir='ltr'>diversis</span> <span class='ocrx_word' id='word_1_10' title='bbox 1205 1209 1359 1273; x_wconf 82' lang='lat' dir='ltr'>coloribus</span> <span class='ocrx_word' id='word_1_11' title='bbox 1370 1207 1589 1291; x_wconf 84' lang='lat' dir='ltr'>resplendente,</span> <span class='ocrx_word' id='word_1_12' title='bbox 1601 1211 1752 1293; x_wconf 84' lang='lat' dir='ltr'>gaudebat</span> 
     </span>
     <span class='ocr_line' id='line_1_3' title="bbox 728 1296 1751 1380; baseline 0 -17"><span class='ocrx_word' id='word_1_13' title='bbox 728 1300 941 1364; x_wconf 88' lang='lat' dir='ltr'>Romanorum</span> <span class='ocrx_word' id='word_1_14' title='bbox 967 1296 1092 1380; x_wconf 88' lang='lat' dir='ltr'>superba</span> <span class='ocrx_word' id='word_1_15' title='bbox 1116 1296 1269 1374; x_wconf 84' lang='lat' dir='ltr'><strong>nobilitas,</strong></span> <span class='ocrx_word' id='word_1_16' title='bbox 1294 1296 1499 1379; x_wconf 86' lang='lat' dir='ltr'>Hispanorum</span> <span class='ocrx_word' id='word_1_17' title='bbox 1521 1296 1551 1359; x_wconf 79' lang='lat' dir='ltr'>bt</span> <span class='ocrx_word' id='word_1_18' title='bbox 1573 1296 1751 1363; x_wconf 90' lang='lat' dir='ltr'>Gasconum</span> 
     </span>
     <span class='ocr_line' id='line_1_4' title="bbox 727 1383 1752 1466; baseline -0.001 -15"><span class='ocrx_word' id='word_1_19' title='bbox 727 1410 791 1451; x_wconf 92' lang='lat' dir='ltr'>non</span> <span class='ocrx_word' id='word_1_20' title='bbox 802 1385 931 1449; x_wconf 84' lang='lat' dir='ltr'>cessabat</span> <span class='ocrx_word' id='word_1_21' title='bbox 945 1383 1042 1446; x_wconf 87' lang='lat' dir='ltr'>faceta</span> <span class='ocrx_word' id='word_1_22' title='bbox 1051 1383 1217 1466; x_wconf 83' lang='lat' dir='ltr'>garrulitas,</span> <span class='ocrx_word' id='word_1_23' title='bbox 1231 1406 1289 1446; x_wconf 89' lang='lat' dir='ltr'>nec</span> <span class='ocrx_word' id='word_1_24' title='bbox 1299 1383 1481 1446; x_wconf 88' lang='lat' dir='ltr'>Teutonum</span> <span class='ocrx_word' id='word_1_25' title='bbox 1492 1385 1645 1449; x_wconf 89' lang='lat' dir='ltr'>cervicosa</span> <span class='ocrx_word' id='word_1_26' title='bbox 1659 1387 1752 1450; x_wconf 89' lang='lat' dir='ltr'>furio-</span> 
     </span>
     <span class='ocr_line' id='line_1_5' title="bbox 728 1471 1753 1555; baseline 0.001 -17"><span class='ocrx_word' id='word_1_27' title='bbox 728 1475 810 1551; x_wconf 79' lang='lat' dir='ltr'>sitas3</span> <span class='ocrx_word' id='word_1_28' title='bbox 833 1473 880 1536; x_wconf 89' lang='lat' dir='ltr'>sed</span> <span class='ocrx_word' id='word_1_29' title='bbox 902 1471 1055 1555; x_wconf 84' lang='lat' dir='ltr'>smgularis</span> <span class='ocrx_word' id='word_1_30' title='bbox 1075 1472 1183 1534; x_wconf 84' lang='lat' dir='ltr'>militie</span> <span class='ocrx_word' id='word_1_31' title='bbox 1198 1471 1383 1535; x_wconf 85' lang='lat' dir='ltr'><strong>Francorum</strong></span> <span class='ocrx_word' id='word_1_32' title='bbox 1404 1471 1568 1553; x_wconf 85' lang='lat' dir='ltr'>humilitas,</span> <span class='ocrx_word' id='word_1_33' title='bbox 1589 1474 1753 1539; x_wconf 87' lang='lat' dir='ltr'>morum&amp;</span> 
     </span>
     <span class='ocr_line' id='line_1_6' title="bbox 729 1555 1752 1643; baseline 0 -19"><span class='ocrx_word' id='word_1_34' title='bbox 729 1583 885 1624; x_wconf 90' lang='lat' dir='ltr'>armorum</span> <span class='ocrx_word' id='word_1_35' title='bbox 900 1560 996 1624; x_wconf 86' lang='lat' dir='ltr'>titulis</span> <span class='ocrx_word' id='word_1_36' title='bbox 1017 1561 1163 1643; x_wconf 85' lang='lat' dir='ltr'>insignita,</span> <span class='ocrx_word' id='word_1_37' title='bbox 1184 1581 1256 1622; x_wconf 91' lang='lat' dir='ltr'>curn</span> <span class='ocrx_word' id='word_1_38' title='bbox 1277 1579 1348 1641; x_wconf 85' lang='lat' dir='ltr'>rege</span> <span class='ocrx_word' id='word_1_39' title='bbox 1362 1555 1613 1642; x_wconf 89' lang='lat' dir='ltr'>lerosolymitano</span> <span class='ocrx_word' id='word_1_40' title='bbox 1628 1561 1658 1624; x_wconf 89' lang='lat'>&amp;</span> <span class='ocrx_word' id='word_1_41' title='bbox 1672 1561 1752 1626; x_wconf 93' lang='lat' dir='ltr'>Hos-</span> 
     </span>
     <span class='ocr_line' id='line_1_7' title="bbox 731 1645 1753 1733; baseline 0.001 -19"><span class='ocrx_word' id='word_1_42' title='bbox 731 1650 830 1733; x_wconf 86' lang='lat' dir='ltr'>pitalis</span> <span class='ocrx_word' id='word_1_43' title='bbox 844 1648 1015 1732; x_wconf 87' lang='lat' dir='ltr'>&amp;Templi</span> <span class='ocrx_word' id='word_1_44' title='bbox 1030 1648 1147 1728; x_wconf 91' lang='lat' dir='ltr'>militia,</span> <span class='ocrx_word' id='word_1_45' title='bbox 1161 1669 1178 1710; x_wconf 90' lang='lat' dir='ltr'>a</span> <span class='ocrx_word' id='word_1_46' title='bbox 1193 1649 1361 1710; x_wconf 89' lang='lat' dir='ltr'>clamorum</span> <span class='ocrx_word' id='word_1_47' title='bbox 1376 1645 1499 1729; x_wconf 90' lang='lat' dir='ltr'>strepitu</span> <span class='ocrx_word' id='word_1_48' title='bbox 1512 1647 1542 1710; x_wconf 73' lang='grc' dir='ltr'>δι</span> <span class='ocrx_word' id='word_1_49' title='bbox 1553 1649 1677 1712; x_wconf 91' lang='lat' dir='ltr'>laudum</span> <span class='ocrx_word' id='word_1_50' title='bbox 1692 1653 1753 1715; x_wconf 90' lang='lat' dir='ltr'>iac-</span> 
     </span>
     <span class='ocr_line' id='line_1_8' title="bbox 730 1735 1754 1818; baseline 0.002 -16"><span class='ocrx_word' id='word_1_51' title='bbox 730 1740 824 1802; x_wconf 85' lang='lat' dir='ltr'>tantia</span> <span class='ocrx_word' id='word_1_52' title='bbox 845 1737 874 1799; x_wconf 89' lang='lat' dir='ltr'>se</span> <span class='ocrx_word' id='word_1_53' title='bbox 894 1737 1083 1814; x_wconf 89' lang='lat' dir='ltr'>continebat,</span> <span class='ocrx_word' id='word_1_54' title='bbox 1105 1735 1261 1800; x_wconf 88' lang='lat' dir='ltr'>&amp;Christi</span> <span class='ocrx_word' id='word_1_55' title='bbox 1283 1737 1452 1798; x_wconf 85' lang='lat' dir='ltr'>exercitum</span> <span class='ocrx_word' id='word_1_56' title='bbox 1474 1757 1493 1797; x_wconf 92' lang='lat' dir='ltr'>a</span> <span class='ocrx_word' id='word_1_57' title='bbox 1513 1754 1597 1818; x_wconf 88' lang='lat' dir='ltr'>parte</span> <span class='ocrx_word' id='word_1_58' title='bbox 1618 1737 1754 1803; x_wconf 84' lang='lat' dir='ltr'>Sarrace-</span> 
     </span>
     <span class='ocr_line' id='line_1_9' title="bbox 729 1821 1753 1904; baseline 0.002 -15"><span class='ocrx_word' id='word_1_59' title='bbox 729 1847 840 1889; x_wconf 87' lang='lat' dir='ltr'>norum</span> <span class='ocrx_word' id='word_1_60' title='bbox 858 1825 1007 1904; x_wconf 85' lang='lat' dir='ltr'>ambiens,</span> <span class='ocrx_word' id='word_1_61' title='bbox 1027 1825 1154 1888; x_wconf 78' lang='lat' dir='ltr'>assiduos</span> <span class='ocrx_word' id='word_1_62' title='bbox 1170 1821 1291 1887; x_wconf 85' lang='lat' dir='ltr'>assultus</span> <span class='ocrx_word' id='word_1_63' title='bbox 1312 1822 1442 1885; x_wconf 90' lang='lat' dir='ltr'>hostium</span> <span class='ocrx_word' id='word_1_64' title='bbox 1464 1822 1631 1904; x_wconf 84' lang='lat' dir='ltr'>sustinebat.</span> <span class='ocrx_word' id='word_1_65' title='bbox 1657 1825 1753 1891; x_wconf 91' lang='lat' dir='ltr'>Porro</span> 
     </span>
     <span class='ocr_line' id='line_1_10' title="bbox 730 1910 1755 1993; baseline 0.001 -16"><span class='ocrx_word' id='word_1_66' title='bbox 730 1912 837 1992; x_wconf 88' lang='lat' dir='ltr'>Pisani,</span> <span class='ocrx_word' id='word_1_67' title='bbox 857 1915 980 1993; x_wconf 90' lang='lat' dir='ltr'>Veneti,</span> <span class='ocrx_word' id='word_1_68' title='bbox 1000 1912 1171 1991; x_wconf 86' lang='lat' dir='ltr'>lanuenses,</span> <span class='ocrx_word' id='word_1_69' title='bbox 1192 1911 1295 1990; x_wconf 91' lang='lat' dir='ltr'>Siculi,</span> <span class='ocrx_word' id='word_1_70' title='bbox 1316 1910 1444 1993; x_wconf 88' lang='lat' dir='ltr'>Appuli,</span> <span class='ocrx_word' id='word_1_71' title='bbox 1467 1911 1614 1991; x_wconf 85' lang='lat' dir='ltr'>Africani,</span> <span class='ocrx_word' id='word_1_72' title='bbox 1637 1913 1755 1978; x_wconf 81' lang='lat' dir='ltr'>sueram</span> 
     </span>
     <span class='ocr_line' id='line_1_11' title="bbox 729 1998 1754 2082; baseline 0.004 -18"><span class='ocrx_word' id='word_1_73' title='bbox 729 2002 839 2066; x_wconf 88' lang='lat' dir='ltr'>littoris</span> <span class='ocrx_word' id='word_1_74' title='bbox 860 2003 890 2066; x_wconf 74' lang='lat' dir='ltr'>bt</span> <span class='ocrx_word' id='word_1_75' title='bbox 911 2004 1035 2066; x_wconf 85' lang='lat' dir='ltr'>navium</span> <span class='ocrx_word' id='word_1_76' title='bbox 1060 2002 1196 2064; x_wconf 87' lang='lat' dir='ltr'>custodie</span> <span class='ocrx_word' id='word_1_77' title='bbox 1216 2001 1361 2082; x_wconf 90' lang='lat' dir='ltr'>deputati.</span> <span class='ocrx_word' id='word_1_78' title='bbox 1387 1998 1461 2061; x_wconf 85' lang='lat' dir='ltr'>Erat</span> <span class='ocrx_word' id='word_1_79' title='bbox 1483 2015 1585 2062; x_wconf 90' lang='lat' dir='ltr'>autem</span> <span class='ocrx_word' id='word_1_80' title='bbox 1610 2023 1754 2069; x_wconf 89' lang='lat' dir='ltr'>numerus</span> 
     </span>
     <span class='ocr_line' id='line_1_12' title="bbox 728 2087 1756 2170; baseline 0 -16"><span class='ocrx_word' id='word_1_81' title='bbox 728 2091 880 2154; x_wconf 86' lang='lat' dir='ltr'>christiani</span> <span class='ocrx_word' id='word_1_82' title='bbox 894 2092 1044 2154; x_wconf 91' lang='lat' dir='ltr'>exercitus</span> <span class='ocrx_word' id='word_1_83' title='bbox 1056 2092 1118 2153; x_wconf 86' lang='lat' dir='ltr'>sere</span> <span class='ocrx_word' id='word_1_84' title='bbox 1133 2089 1203 2152; x_wconf 82' lang='lat' dir='ltr'>lxx.</span> <span class='ocrx_word' id='word_1_85' title='bbox 1215 2087 1311 2150; x_wconf 91' lang='lat' dir='ltr'>millia</span> <span class='ocrx_word' id='word_1_86' title='bbox 1325 2103 1425 2170; x_wconf 89' lang='lat' dir='ltr'>preter</span> <span class='ocrx_word' id='word_1_87' title='bbox 1438 2087 1556 2170; x_wconf 85' lang='lat' dir='ltr'>vulgus.</span> <span class='ocrx_word' id='word_1_88' title='bbox 1572 2089 1621 2152; x_wconf 89' lang='lat' dir='ltr'>Ad</span> <span class='ocrx_word' id='word_1_89' title='bbox 1636 2091 1756 2156; x_wconf 90' lang='lat' dir='ltr'>succur-</span> 
     </span>
     <span class='ocr_line' id='line_1_13' title="bbox 729 2177 1756 2260; baseline 0.005 -20"><span class='ocrx_word' id='word_1_90' title='bbox 729 2180 857 2242; x_wconf 87' lang='lat' dir='ltr'>rendum</span> <span class='ocrx_word' id='word_1_91' title='bbox 877 2180 960 2242; x_wconf 90' lang='lat' dir='ltr'>enirn</span> <span class='ocrx_word' id='word_1_92' title='bbox 981 2179 1114 2242; x_wconf 87' lang='lat' dir='ltr'>Soldano</span> <span class='ocrx_word' id='word_1_93' title='bbox 1135 2177 1302 2260; x_wconf 85' lang='lat' dir='ltr'>Babylonie</span> <span class='ocrx_word' id='word_1_94' title='bbox 1323 2191 1470 2238; x_wconf 88' lang='lat' dir='ltr'>venerant</span> <span class='ocrx_word' id='word_1_95' title='bbox 1491 2178 1641 2240; x_wconf 86' lang='lat' dir='ltr'>innumeri</span> <span class='ocrx_word' id='word_1_96' title='bbox 1655 2179 1756 2244; x_wconf 89' lang='lat' dir='ltr'>Sarra-</span> 
     </span>
     <span class='ocr_line' id='line_1_14' title="bbox 732 2263 1755 2351; baseline 0.003 -23"><span class='ocrx_word' id='word_1_97' title='bbox 732 2266 812 2345; x_wconf 91' lang='lat' dir='ltr'>ceni,</span> <span class='ocrx_word' id='word_1_98' title='bbox 835 2288 968 2351; x_wconf 91' lang='lat' dir='ltr'>quorum</span> <span class='ocrx_word' id='word_1_99' title='bbox 996 2265 1145 2329; x_wconf 87' lang='lat' dir='ltr'>Soldanus</span> <span class='ocrx_word' id='word_1_100' title='bbox 1173 2266 1279 2328; x_wconf 88' lang='lat' dir='ltr'>videns</span> <span class='ocrx_word' id='word_1_101' title='bbox 1307 2263 1546 2342; x_wconf 77' lang='lat' dir='ltr'>multitudinem,</span> <span class='ocrx_word' id='word_1_102' title='bbox 1573 2264 1603 2328; x_wconf 75' lang='grc' dir='ltr'>δι</span> <span class='ocrx_word' id='word_1_103' title='bbox 1630 2267 1755 2331; x_wconf 79' lang='lat' dir='ltr'>audacie</span> 
     </span>
     <span class='ocr_line' id='line_1_15' title="bbox 731 2351 1756 2436; baseline 0.004 -21"><span class='ocrx_word' id='word_1_104' title='bbox 731 2354 905 2417; x_wconf 87' lang='lat' dir='ltr'>nostrorum</span> <span class='ocrx_word' id='word_1_105' title='bbox 920 2353 1049 2417; x_wconf 88' lang='lat' dir='ltr'>sentiens</span> <span class='ocrx_word' id='word_1_106' title='bbox 1063 2353 1315 2436; x_wconf 87' lang='lat' dir='ltr'>magnitudinem,</span> <span class='ocrx_word' id='word_1_107' title='bbox 1334 2351 1438 2413; x_wconf 91' lang='lat' dir='ltr'>habito</span> <span class='ocrx_word' id='word_1_108' title='bbox 1453 2351 1588 2432; x_wconf 85' lang='lat' dir='ltr'>consilio,</span> <span class='ocrx_word' id='word_1_109' title='bbox 1603 2375 1674 2417; x_wconf 91' lang='lat' dir='ltr'>cum</span> <span class='ocrx_word' id='word_1_110' title='bbox 1687 2356 1756 2419; x_wconf 91' lang='lat' dir='ltr'>nos-</span> 
     </span>
     <span class='ocr_line' id='line_1_16' title="bbox 732 2439 1755 2524; baseline 0.005 -20"><span class='ocrx_word' id='word_1_111' title='bbox 732 2443 784 2505; x_wconf 88' lang='lat' dir='ltr'>tris</span> <span class='ocrx_word' id='word_1_112' title='bbox 795 2442 898 2504; x_wconf 90' lang='lat' dir='ltr'>noluit</span> <span class='ocrx_word' id='word_1_113' title='bbox 907 2442 1036 2524; x_wconf 91' lang='lat' dir='ltr'>amplius</span> <span class='ocrx_word' id='word_1_114' title='bbox 1049 2443 1204 2520; x_wconf 89' lang='lat' dir='ltr'>dimicare,</span> <span class='ocrx_word' id='word_1_115' title='bbox 1214 2440 1261 2503; x_wconf 87' lang='lat' dir='ltr'>sed</span> <span class='ocrx_word' id='word_1_116' title='bbox 1273 2439 1371 2502; x_wconf 87' lang='lat' dir='ltr'>statim</span> <span class='ocrx_word' id='word_1_117' title='bbox 1382 2441 1519 2522; x_wconf 87' lang='lat' dir='ltr'>precepit</span> <span class='ocrx_word' id='word_1_118' title='bbox 1530 2441 1646 2505; x_wconf 88' lang='lat' dir='ltr'>viarum</span> <span class='ocrx_word' id='word_1_119' title='bbox 1657 2443 1755 2510; x_wconf 87' lang='lat' dir='ltr'>aditus</span> 
     </span>
     <span class='ocr_line' id='line_1_17' title="bbox 733 2523 1755 2615; baseline 0.003 -23"><span class='ocrx_word' id='word_1_120' title='bbox 733 2529 887 2608; x_wconf 88' lang='lat' dir='ltr'>custodiri,</span> <span class='ocrx_word' id='word_1_121' title='bbox 906 2551 945 2592; x_wconf 94' lang='lat' dir='ltr'>ne</span> <span class='ocrx_word' id='word_1_122' title='bbox 959 2530 996 2592; x_wconf 90' lang='lat' dir='ltr'>ad</span> <span class='ocrx_word' id='word_1_123' title='bbox 1012 2529 1123 2594; x_wconf 90' lang='lat' dir='ltr'>Christi</span> <span class='ocrx_word' id='word_1_124' title='bbox 1138 2531 1307 2591; x_wconf 87' lang='lat' dir='ltr'>exercitum</span> <span class='ocrx_word' id='word_1_125' title='bbox 1322 2523 1440 2608; x_wconf 83' lang='lat' dir='ltr'>possent</span> <span class='ocrx_word' id='word_1_126' title='bbox 1453 2526 1502 2589; x_wconf 86' lang='lat' dir='ltr'>vel</span> <span class='ocrx_word' id='word_1_127' title='bbox 1516 2527 1667 2595; x_wconf 86' lang='lat' dir='ltr'>succursus</span> <span class='ocrx_word' id='word_1_128' title='bbox 1681 2553 1755 2615; x_wconf 85' lang='lat' dir='ltr'>gen·</span> 
     </span>
     <span class='ocr_line' id='line_1_18' title="bbox 734 2616 1756 2700; baseline 0.002 -19"><span class='ocrx_word' id='word_1_129' title='bbox 734 2619 811 2681; x_wconf 89' lang='lat' dir='ltr'>tium</span> <span class='ocrx_word' id='word_1_130' title='bbox 825 2617 875 2680; x_wconf 91' lang='lat' dir='ltr'>vel</span> <span class='ocrx_word' id='word_1_131' title='bbox 886 2618 1028 2680; x_wconf 67' lang='lat' dir='ltr'>vierualia</span> <span class='ocrx_word' id='word_1_132' title='bbox 1039 2618 1214 2700; x_wconf 73' lang='lat' dir='ltr'>pervenire,</span> <span class='ocrx_word' id='word_1_133' title='bbox 1228 2616 1357 2699; x_wconf 88' lang='lat' dir='ltr'>sperans,</span> <span class='ocrx_word' id='word_1_134' title='bbox 1370 2616 1428 2678; x_wconf 88' lang='lat' dir='ltr'>hac</span> <span class='ocrx_word' id='word_1_135' title='bbox 1442 2630 1504 2678; x_wconf 89' lang='lat' dir='ltr'>arte</span> <span class='ocrx_word' id='word_1_136' title='bbox 1518 2619 1680 2682; x_wconf 85' lang='lat' dir='ltr'>execrabili</span> <span class='ocrx_word' id='word_1_137' title='bbox 1695 2617 1756 2684; x_wconf 86' lang='lat' dir='ltr'>sine</span> 
     </span>
     <span class='ocr_line' id='line_1_19' title="bbox 732 2702 1461 2788; baseline -0.001 -21"><span class='ocrx_word' id='word_1_138' title='bbox 732 2705 856 2768; x_wconf 91' lang='lat' dir='ltr'>suorum</span> <span class='ocrx_word' id='word_1_139' title='bbox 872 2702 993 2785; x_wconf 80' lang='lat' dir='ltr'>lesione,</span> <span class='ocrx_word' id='word_1_140' title='bbox 1008 2704 1156 2788; x_wconf 92' lang='lat' dir='ltr'>populum</span> <span class='ocrx_word' id='word_1_141' title='bbox 1171 2704 1301 2769; x_wconf 89' lang='lat' dir='ltr'>Domini</span> <span class='ocrx_word' id='word_1_142' title='bbox 1317 2703 1461 2784; x_wconf 90' lang='lat' dir='ltr'>deperire.</span> 
     </span>
    </p>

    <p class='ocr_par' dir='ltr' id='par_1_3' title="bbox 732 2790 1870 4814">
     <span class='ocr_line' id='line_1_20' title="bbox 771 2790 1757 2877; baseline 0.003 -21"><span class='ocrx_word' id='word_1_143' title='bbox 771 2793 916 2856; x_wconf 84' lang='lat' dir='ltr'>Tandem</span> <span class='ocrx_word' id='word_1_144' title='bbox 925 2795 1058 2877; x_wconf 84' lang='lat' dir='ltr'>peccatis</span> <span class='ocrx_word' id='word_1_145' title='bbox 1068 2792 1177 2857; x_wconf 90' lang='lat' dir='ltr'>noslris</span> <span class='ocrx_word' id='word_1_146' title='bbox 1185 2792 1385 2874; x_wconf 82' lang='lat' dir='ltr'>exigentibus,</span> <span class='ocrx_word' id='word_1_147' title='bbox 1395 2790 1527 2874; x_wconf 88' lang='lat' dir='ltr'>cibisque</span> <span class='ocrx_word' id='word_1_148' title='bbox 1535 2792 1757 2877; x_wconf 82' lang='lat' dir='ltr'>deficientibus,</span> 
     </span>
     <span class='ocr_line' id='line_1_21' title="bbox 732 2879 1757 2965; baseline 0.002 -21"><span class='ocrx_word' id='word_1_149' title='bbox 732 2880 934 2945; x_wconf 87' lang='lat' dir='ltr'>&amp;horrenda</span> <span class='ocrx_word' id='word_1_150' title='bbox 958 2883 1051 2946; x_wconf 89' lang='lat' dir='ltr'>fames</span> <span class='ocrx_word' id='word_1_151' title='bbox 1076 2881 1307 2944; x_wconf 87' lang='lat' dir='ltr'>christianorum</span> <span class='ocrx_word' id='word_1_152' title='bbox 1331 2879 1499 2940; x_wconf 90' lang='lat' dir='ltr'>exercitum</span> <span class='ocrx_word' id='word_1_153' title='bbox 1525 2881 1757 2965; x_wconf 60' lang='lat' dir='ltr'>profligavit&amp;</span> 
     </span>
     <span class='ocr_line' id='line_1_22' title="bbox 732 2966 1758 3058; baseline 0.002 -28"><span class='ocrx_word' id='word_1_154' title='bbox 732 2967 825 3032; x_wconf 90' lang='lat' dir='ltr'>Nilus</span> <span class='ocrx_word' id='word_1_155' title='bbox 845 2969 955 3034; x_wconf 86' lang='lat' dir='ltr'>fluvius</span> <span class='ocrx_word' id='word_1_156' title='bbox 976 2972 1135 3048; x_wconf 92' lang='lat' dir='ltr'>inundans,</span> <span class='ocrx_word' id='word_1_157' title='bbox 1158 2990 1243 3031; x_wconf 89' lang='lat' dir='ltr'>more</span> <span class='ocrx_word' id='word_1_158' title='bbox 1264 2966 1362 3043; x_wconf 92' lang='lat' dir='ltr'>solito,</span> <span class='ocrx_word' id='word_1_159' title='bbox 1384 2980 1480 3027; x_wconf 85' lang='lat' dir='ltr'>totam</span> <span class='ocrx_word' id='word_1_160' title='bbox 1503 2982 1624 3048; x_wconf 82' lang='lat' dir='ltr'>terram,</span> <span class='ocrx_word' id='word_1_161' title='bbox 1648 2973 1679 3035; x_wconf 90' lang='lat' dir='ltr'>in</span> <span class='ocrx_word' id='word_1_162' title='bbox 1698 2996 1758 3058; x_wconf 85' lang='lat' dir='ltr'>qua</span> 
     </span>
     <span class='ocr_line' id='line_1_23' title="bbox 732 3053 1756 3139; baseline 0.006 -19"><span class='ocrx_word' id='word_1_163' title='bbox 732 3073 795 3120; x_wconf 84' lang='lat' dir='ltr'>erat</span> <span class='ocrx_word' id='word_1_164' title='bbox 819 3057 919 3121; x_wconf 88' lang='lat' dir='ltr'>noster</span> <span class='ocrx_word' id='word_1_165' title='bbox 940 3059 1101 3136; x_wconf 87' lang='lat' dir='ltr'>exercitus,</span> <span class='ocrx_word' id='word_1_166' title='bbox 1125 3055 1296 3138; x_wconf 82' lang='lat' dir='ltr'>occupavit</span> <span class='ocrx_word' id='word_1_167' title='bbox 1320 3053 1369 3116; x_wconf 91' lang='lat' dir='ltr'>Sic</span> <span class='ocrx_word' id='word_1_168' title='bbox 1390 3054 1473 3116; x_wconf 89' lang='lat' dir='ltr'>enirn</span> <span class='ocrx_word' id='word_1_169' title='bbox 1494 3054 1523 3117; x_wconf 77' lang='grc' dir='ltr'>δι</span> <span class='ocrx_word' id='word_1_170' title='bbox 1544 3058 1675 3139; x_wconf 86' lang='lat' dir='ltr'>populus</span> <span class='ocrx_word' id='word_1_171' title='bbox 1694 3060 1756 3126; x_wconf 88' lang='lat' dir='ltr'>Dei</span> 
     </span>
     <span class='ocr_line' id='line_1_24' title="bbox 732 3140 1757 3230; baseline 0.004 -24"><span class='ocrx_word' id='word_1_172' title='bbox 732 3146 813 3208; x_wconf 89' lang='lat' dir='ltr'>vires</span> <span class='ocrx_word' id='word_1_173' title='bbox 827 3146 928 3209; x_wconf 89' lang='lat' dir='ltr'>inedia</span> <span class='ocrx_word' id='word_1_174' title='bbox 941 3147 1134 3230; x_wconf 86' lang='lat' dir='ltr'>deperdebat,</span> <span class='ocrx_word' id='word_1_175' title='bbox 1154 3143 1290 3226; x_wconf 87' lang='lat' dir='ltr'>&amp;usque</span> <span class='ocrx_word' id='word_1_176' title='bbox 1312 3144 1348 3203; x_wconf 88' lang='lat' dir='ltr'>ad</span> <span class='ocrx_word' id='word_1_177' title='bbox 1363 3140 1487 3205; x_wconf 88' lang='lat' dir='ltr'>cavillas</span> <span class='ocrx_word' id='word_1_178' title='bbox 1502 3144 1614 3224; x_wconf 88' lang='lat' dir='ltr'>pedum</span> <span class='ocrx_word' id='word_1_179' title='bbox 1635 3148 1757 3214; x_wconf 88' lang='lat' dir='ltr'>inceno</span> 
     </span>
     <span class='ocr_line' id='line_1_25' title="bbox 733 3229 1757 3316; baseline 0.006 -21"><span class='ocrx_word' id='word_1_180' title='bbox 733 3253 878 3316; x_wconf 84' lang='lat' dir='ltr'>aquarum</span> <span class='ocrx_word' id='word_1_181' title='bbox 900 3233 1072 3316; x_wconf 81' lang='lat' dir='ltr'>palustrium</span> <span class='ocrx_word' id='word_1_182' title='bbox 1089 3232 1244 3310; x_wconf 86' lang='lat' dir='ltr'>residebat,</span> <span class='ocrx_word' id='word_1_183' title='bbox 1269 3246 1302 3293; x_wconf 92' lang='lat' dir='ltr'>ut</span> <span class='ocrx_word' id='word_1_184' title='bbox 1327 3231 1436 3292; x_wconf 91' lang='lat' dir='ltr'>merito</span> <span class='ocrx_word' id='word_1_185' title='bbox 1458 3229 1553 3312; x_wconf 86' lang='lat' dir='ltr'>posset</span> <span class='ocrx_word' id='word_1_186' title='bbox 1573 3233 1673 3298; x_wconf 89' lang='lat' dir='ltr'>dicere</span> <span class='ocrx_word' id='word_1_187' title='bbox 1685 3258 1757 3301; x_wconf 91' lang='lat' dir='ltr'>curn</span> 
     </span>
     <span class='ocr_line' id='line_1_26' title="bbox 734 3319 1755 3408; baseline 0.002 -25"><span class='ocrx_word' id='word_1_188' title='bbox 734 3323 895 3405; x_wconf 85' lang='lat' dir='ltr'>propheta:</span> <span class='ocrx_word' id='word_1_189' title='bbox 913 3349 926 3380; x_wconf 78' lang='lat' dir='ltr'>c</span> <span class='ocrx_word' id='word_1_190' title='bbox 940 3322 1123 3408; x_wconf 78' lang='lat' dir='ltr'>Infixussum</span> <span class='ocrx_word' id='word_1_191' title='bbox 1136 3322 1165 3381; x_wconf 89' lang='lat' dir='ltr'>in</span> <span class='ocrx_word' id='word_1_192' title='bbox 1180 3321 1242 3382; x_wconf 87' lang='lat' dir='ltr'>limo</span> <span class='ocrx_word' id='word_1_193' title='bbox 1252 3319 1400 3403; x_wconf 64' lang='lat' dir='ltr'>prrffundi,</span> <span class='ocrx_word' id='word_1_194' title='bbox 1414 3319 1448 3378; x_wconf 81' lang='lat'><em>&amp;</em></span> <span class='ocrx_word' id='word_1_195' title='bbox 1458 3341 1509 3378; x_wconf 85' lang='lat' dir='ltr'>non</span> <span class='ocrx_word' id='word_1_196' title='bbox 1523 3321 1562 3401; x_wconf 80' lang='lat' dir='ltr'>esi</span> <span class='ocrx_word' id='word_1_197' title='bbox 1565 3321 1729 3407; x_wconf 82' lang='lat' dir='ltr'>substantia</span> <span class='ocrx_word' id='word_1_198' title='bbox 1742 3352 1755 3385; x_wconf 70' lang='lat' dir='ltr'>a</span> 
     </span>
     <span class='ocr_line' id='line_1_27' title="bbox 733 3406 1756 3494; baseline -0.005 -21"><span class='ocrx_word' id='word_1_199' title='bbox 733 3408 883 3488; x_wconf 71' lang='lat' dir='ltr'>(Pl-lxm,</span> <span class='ocrx_word' id='word_1_200' title='bbox 893 3419 933 3493; x_wconf 83' lang='lat'>3).</span> <span class='ocrx_word' id='word_1_201' title='bbox 946 3412 994 3473; x_wconf 84' lang='lat' dir='ltr'>lbi</span> <span class='ocrx_word' id='word_1_202' title='bbox 1004 3411 1160 3494; x_wconf 81' lang='lat' dir='ltr'>eratfletrrs</span> <span class='ocrx_word' id='word_1_203' title='bbox 1171 3409 1314 3493; x_wconf 79' lang='lat' dir='ltr'>&amp;stridor</span> <span class='ocrx_word' id='word_1_204' title='bbox 1324 3408 1445 3469; x_wconf 82' lang='lat' dir='ltr'>dentium</span> <span class='ocrx_word' id='word_1_205' title='bbox 1453 3406 1580 3480; x_wconf 87' lang='lat' dir='ltr'>(Matth.</span> <span class='ocrx_word' id='word_1_206' title='bbox 1589 3427 1655 3488; x_wconf 81' lang='lat' dir='ltr'>vm,</span> <span class='ocrx_word' id='word_1_207' title='bbox 1664 3413 1705 3492; x_wconf 76' lang='lat'>2),</span> <span class='ocrx_word' id='word_1_208' title='bbox 1716 3412 1756 3477; x_wconf 80' lang='lat' dir='ltr'>ibi</span> 
     </span>
     <span class='ocr_line' id='line_1_28' title="bbox 734 3495 1758 3581; baseline 0.003 -22"><span class='ocrx_word' id='word_1_209' title='bbox 734 3498 864 3580; x_wconf 85' lang='lat' dir='ltr'>gemitus</span> <span class='ocrx_word' id='word_1_210' title='bbox 876 3497 1094 3581; x_wconf 85' lang='lat' dir='ltr'>languentium,</span> <span class='ocrx_word' id='word_1_211' title='bbox 1100 3499 1141 3560; x_wconf 91' lang='lat' dir='ltr'>ibi</span> <span class='ocrx_word' id='word_1_212' title='bbox 1153 3495 1284 3560; x_wconf 87' lang='lat' dir='ltr'>ululatus</span> <span class='ocrx_word' id='word_1_213' title='bbox 1293 3495 1559 3579; x_wconf 68' lang='lat' dir='ltr'>plangentiumibi</span> <span class='ocrx_word' id='word_1_214' title='bbox 1567 3495 1683 3561; x_wconf 86' lang='lat' dir='ltr'>clamor</span> <span class='ocrx_word' id='word_1_215' title='bbox 1691 3521 1758 3562; x_wconf 90' lang='lat' dir='ltr'>mo-</span> 
     </span>
     <span class='ocr_line' id='line_1_29' title="bbox 734 3582 1758 3668; baseline 0.004 -21"><span class='ocrx_word' id='word_1_216' title='bbox 734 3586 888 3664; x_wconf 89' lang='lat' dir='ltr'>rientium,</span> <span class='ocrx_word' id='word_1_217' title='bbox 909 3601 942 3648; x_wconf 93' lang='lat' dir='ltr'>ut</span> <span class='ocrx_word' id='word_1_218' title='bbox 956 3586 1174 3668; x_wconf 88' lang='lat' dir='ltr'>adimpleretur</span> <span class='ocrx_word' id='word_1_219' title='bbox 1188 3585 1270 3666; x_wconf 91' lang='lat' dir='ltr'>quod</span> <span class='ocrx_word' id='word_1_220' title='bbox 1287 3583 1402 3645; x_wconf 72' lang='lat' dir='ltr'>dissum</span> <span class='ocrx_word' id='word_1_221' title='bbox 1424 3582 1466 3644; x_wconf 87' lang='lat' dir='ltr'>est</span> <span class='ocrx_word' id='word_1_222' title='bbox 1486 3603 1541 3665; x_wconf 88' lang='lat' dir='ltr'>per</span> <span class='ocrx_word' id='word_1_223' title='bbox 1560 3587 1758 3667; x_wconf 86' lang='lat' dir='ltr'>prophetam:</span> 
     </span>
     <span class='ocr_line' id='line_1_30' title="bbox 736 3669 1760 3760; baseline 0.001 -26"><span class='ocrx_word' id='word_1_224' title='bbox 736 3697 749 3730; x_wconf 79' lang='lat' dir='ltr'>r</span> <span class='ocrx_word' id='word_1_225' title='bbox 766 3671 847 3735; x_wconf 85' lang='lat' dir='ltr'>Foris</span> <span class='ocrx_word' id='word_1_226' title='bbox 861 3673 992 3760; x_wconf 84' lang='lat' dir='ltr'>vastavit</span> <span class='ocrx_word' id='word_1_227' title='bbox 1003 3697 1043 3736; x_wconf 85' lang='lat' dir='ltr'>eor</span> <span class='ocrx_word' id='word_1_228' title='bbox 1052 3675 1177 3755; x_wconf 87' lang='lat' dir='ltr'>gladius,</span> <span class='ocrx_word' id='word_1_229' title='bbox 1191 3674 1224 3732; x_wconf 56' lang='grc' dir='ltr'>[ὅ</span> <span class='ocrx_word' id='word_1_230' title='bbox 1237 3672 1310 3734; x_wconf 71' lang='lat' dir='ltr'>iners</span> <span class='ocrx_word' id='word_1_231' title='bbox 1320 3687 1442 3752; x_wconf 74' lang='lat' dir='ltr'>pavora</span> <span class='ocrx_word' id='word_1_232' title='bbox 1461 3669 1568 3752; x_wconf 79' lang='lat' dir='ltr'>(Deut.</span> <span class='ocrx_word' id='word_1_233' title='bbox 1583 3692 1685 3754; x_wconf 78' lang='lat' dir='ltr'>xxm,</span> <span class='ocrx_word' id='word_1_234' title='bbox 1698 3678 1760 3760; x_wconf 83' lang='lat'><strong>25).</strong></span> 
     </span>
     <span class='ocr_line' id='line_1_31' title="bbox 735 3759 1761 3849; baseline 0.004 -25"><span class='ocrx_word' id='word_1_235' title='bbox 735 3759 833 3849; x_wconf 76' lang='lat' dir='ltr'>Quod</span> <span class='ocrx_word' id='word_1_236' title='bbox 854 3763 992 3826; x_wconf 87' lang='lat' dir='ltr'>videntes</span> <span class='ocrx_word' id='word_1_237' title='bbox 1015 3763 1108 3845; x_wconf 85' lang='lat' dir='ltr'>aliqui</span> <span class='ocrx_word' id='word_1_238' title='bbox 1130 3761 1320 3824; x_wconf 87' lang='lat' dir='ltr'>sacerdotum</span> <span class='ocrx_word' id='word_1_239' title='bbox 1336 3760 1477 3837; x_wconf 91' lang='lat' dir='ltr'>Domini,</span> <span class='ocrx_word' id='word_1_240' title='bbox 1500 3763 1593 3842; x_wconf 88' lang='lat' dir='ltr'>petita</span> <span class='ocrx_word' id='word_1_241' title='bbox 1607 3761 1761 3827; x_wconf 89' lang='lat' dir='ltr'>licentiaa</span> 
     </span>
     <span class='ocr_line' id='line_1_32' title="bbox 734 3848 1761 3934; baseline 0.002 -21"><span class='ocrx_word' id='word_1_242' title='bbox 734 3850 845 3934; x_wconf 82' lang='lat' dir='ltr'>legato,</span> <span class='ocrx_word' id='word_1_243' title='bbox 864 3851 924 3913; x_wconf 86' lang='lat' dir='ltr'>sere</span> <span class='ocrx_word' id='word_1_244' title='bbox 948 3851 1074 3913; x_wconf 89' lang='lat' dir='ltr'>trecenti</span> <span class='ocrx_word' id='word_1_245' title='bbox 1091 3850 1201 3932; x_wconf 91' lang='lat' dir='ltr'>absque</span> <span class='ocrx_word' id='word_1_246' title='bbox 1217 3850 1334 3931; x_wconf 91' lang='lat' dir='ltr'>reliquo</span> <span class='ocrx_word' id='word_1_247' title='bbox 1349 3848 1433 3911; x_wconf 89' lang='lat' dir='ltr'>clero</span> <span class='ocrx_word' id='word_1_248' title='bbox 1448 3868 1540 3911; x_wconf 87' lang='lat' dir='ltr'>naves</span> <span class='ocrx_word' id='word_1_249' title='bbox 1554 3850 1761 3930; x_wconf 89' lang='lat' dir='ltr'>ascenderunt,</span> 
     </span>
     <span class='ocr_line' id='line_1_33' title="bbox 734 3936 1761 4020; baseline 0.002 -20"><span class='ocrx_word' id='word_1_250' title='bbox 734 3938 836 4002; x_wconf 89' lang='lat' dir='ltr'>versus</span> <span class='ocrx_word' id='word_1_251' title='bbox 852 3936 1029 4001; x_wconf 88' lang='lat' dir='ltr'>Damietam</span> <span class='ocrx_word' id='word_1_252' title='bbox 1043 3960 1134 4020; x_wconf 89' lang='lat' dir='ltr'>quam</span> <span class='ocrx_word' id='word_1_253' title='bbox 1149 3938 1238 4000; x_wconf 88' lang='lat' dir='ltr'>citius</span> <span class='ocrx_word' id='word_1_254' title='bbox 1252 3939 1444 4020; x_wconf 62' lang='lat' dir='ltr'>navigantem</span> <span class='ocrx_word' id='word_1_255' title='bbox 1468 3936 1528 4015; x_wconf 87' lang='lat' dir='ltr'>sed,</span> <span class='ocrx_word' id='word_1_256' title='bbox 1551 3958 1569 3999; x_wconf 90' lang='lat' dir='ltr'>a</span> <span class='ocrx_word' id='word_1_257' title='bbox 1582 3937 1761 4019; x_wconf 78' lang='lat' dir='ltr'>sarracenis,</span> 
     </span>
     <span class='ocr_line' id='line_1_34' title="bbox 735 4020 1762 4199; baseline 0.003 -24"><span class='ocrx_word' id='word_1_258' title='bbox 735 4020 1634 4177; x_wconf 49' lang='lat' dir='ltr'>{tls‘1⁰2rltrs‘z’ll‘issel3¹ltl0altlll{lla</span> <span class='ocrx_word' id='word_1_259' title='bbox 1650 4028 1762 4199; x_wconf 57' lang='lat' dir='ltr'>llll&amp;</span> 
     </span>
     <span class='ocr_line' id='line_1_35' title="bbox 735 4199 1762 4288; baseline 0.003 -26"><span class='ocrx_word' id='word_1_260' title='bbox 735 4200 900 4279; x_wconf 88' lang='lat' dir='ltr'>christiani,</span> <span class='ocrx_word' id='word_1_261' title='bbox 925 4201 953 4264; x_wconf 91' lang='lat' dir='ltr'>se</span> <span class='ocrx_word' id='word_1_262' title='bbox 968 4202 1052 4284; x_wconf 90' lang='lat' dir='ltr'>panis</span> <span class='ocrx_word' id='word_1_263' title='bbox 1078 4199 1254 4283; x_wconf 83' lang='lat' dir='ltr'>penuria&amp;</span> <span class='ocrx_word' id='word_1_264' title='bbox 1278 4221 1424 4282; x_wconf 88' lang='lat' dir='ltr'>aquarum</span> <span class='ocrx_word' id='word_1_265' title='bbox 1445 4199 1561 4263; x_wconf 88' lang='lat' dir='ltr'>diluvio</span> <span class='ocrx_word' id='word_1_266' title='bbox 1585 4203 1762 4288; x_wconf 85' lang='lat' dir='ltr'>naufragari,</span> 
     </span>
     <span class='ocr_line' id='line_1_36' title="bbox 736 4287 1762 4373; baseline 0.004 -23"><span class='ocrx_word' id='word_1_267' title='bbox 736 4288 841 4351; x_wconf 90' lang='lat' dir='ltr'>habito</span> <span class='ocrx_word' id='word_1_268' title='bbox 866 4287 1004 4371; x_wconf 89' lang='lat' dir='ltr'>diligenti</span> <span class='ocrx_word' id='word_1_269' title='bbox 1029 4287 1165 4366; x_wconf 83' lang='lat' dir='ltr'>consilio,</span> <span class='ocrx_word' id='word_1_270' title='bbox 1189 4289 1290 4351; x_wconf 89' lang='lat' dir='ltr'>versus</span> <span class='ocrx_word' id='word_1_271' title='bbox 1316 4288 1493 4351; x_wconf 87' lang='lat' dir='ltr'>Damietam</span> <span class='ocrx_word' id='word_1_272' title='bbox 1521 4291 1578 4352; x_wconf 87' lang='lat' dir='ltr'>iter</span> <span class='ocrx_word' id='word_1_273' title='bbox 1605 4291 1762 4373; x_wconf 87' lang='lat' dir='ltr'>arripiunt,</span> 
     </span>
     <span class='ocr_line' id='line_1_37' title="bbox 737 4373 1762 4460; baseline 0.004 -22"><span class='ocrx_word' id='word_1_274' title='bbox 737 4376 915 4460; x_wconf 87' lang='lat' dir='ltr'>intempeste</span> <span class='ocrx_word' id='word_1_275' title='bbox 936 4377 1036 4440; x_wconf 72' lang='lat' dir='ltr'>nostis</span> <span class='ocrx_word' id='word_1_276' title='bbox 1052 4373 1168 4439; x_wconf 83' lang='lat' dir='ltr'>silentio</span> <span class='ocrx_word' id='word_1_277' title='bbox 1187 4374 1281 4438; x_wconf 84' lang='lat' dir='ltr'>castra</span> <span class='ocrx_word' id='word_1_278' title='bbox 1296 4375 1345 4439; x_wconf 91' lang='lat' dir='ltr'>sua</span> <span class='ocrx_word' id='word_1_279' title='bbox 1357 4398 1453 4439; x_wconf 87' lang='lat' dir='ltr'>vacua</span> <span class='ocrx_word' id='word_1_280' title='bbox 1468 4378 1672 4460; x_wconf 87' lang='lat' dir='ltr'>relinquentes</span> <span class='ocrx_word' id='word_1_281' title='bbox 1678 4408 1689 4457; x_wconf 79' lang='lat'>3</span> <span class='ocrx_word' id='word_1_282' title='bbox 1713 4380 1762 4443; x_wconf 94' lang='lat' dir='ltr'>sed</span> 
     </span>
     <span class='ocr_line' id='line_1_38' title="bbox 736 4463 1870 4550; baseline 0.004 -24"><span class='ocrx_word' id='word_1_283' title='bbox 736 4463 899 4528; x_wconf 86' lang='lat' dir='ltr'>Teutones</span> <span class='ocrx_word' id='word_1_284' title='bbox 911 4465 1066 4528; x_wconf 89' lang='lat' dir='ltr'>furibundi</span> <span class='ocrx_word' id='word_1_285' title='bbox 1078 4464 1127 4527; x_wconf 90' lang='lat' dir='ltr'>sua</span> <span class='ocrx_word' id='word_1_286' title='bbox 1138 4465 1268 4527; x_wconf 89' lang='lat' dir='ltr'>tentoria</span> <span class='ocrx_word' id='word_1_287' title='bbox 1278 4481 1505 4528; x_wconf 89' lang='lat' dir='ltr'>cremaverunt:</span> <span class='ocrx_word' id='word_1_288' title='bbox 1517 4487 1649 4549; x_wconf 90' lang='lat' dir='ltr'>quorum</span> <span class='ocrx_word' id='word_1_289' title='bbox 1661 4469 1761 4550; x_wconf 86' lang='lat' dir='ltr'>ignem</span> <span class='ocrx_word' id='word_1_290' title='bbox 1776 4488 1797 4533; x_wconf 80' lang='lat'>1&gt;-</span> <span class='ocrx_word' id='word_1_291' title='bbox 1810 4484 1854 4531; x_wconf 79' lang='lat'>302</span> <span class='ocrx_word' id='word_1_292' title='bbox 1868 4535 1870 4538; x_wconf 67' lang='grc'><strong>,</strong></span> 
     </span>
     <span class='ocr_line' id='line_1_39' title="bbox 736 4551 1761 4638; baseline 0.007 -26"><span class='ocrx_word' id='word_1_293' title='bbox 736 4551 874 4616; x_wconf 83' lang='lat' dir='ltr'>videntes</span> <span class='ocrx_word' id='word_1_294' title='bbox 898 4551 1034 4638; x_wconf 86' lang='lat' dir='ltr'>Egyptij,</span> <span class='ocrx_word' id='word_1_295' title='bbox 1057 4553 1230 4616; x_wconf 90' lang='lat' dir='ltr'>nostrorum</span> <span class='ocrx_word' id='word_1_296' title='bbox 1254 4554 1356 4635; x_wconf 86' lang='lat' dir='ltr'>sugam</span> <span class='ocrx_word' id='word_1_297' title='bbox 1381 4554 1519 4636; x_wconf 83' lang='lat' dir='ltr'>protinus</span> <span class='ocrx_word' id='word_1_298' title='bbox 1542 4572 1761 4637; x_wconf 83' lang='lat' dir='ltr'>cognoverunt.</span> 
     </span>
     <span class='ocr_line' id='line_1_40' title="bbox 737 4638 1762 4728; baseline 0.003 -27"><span class='ocrx_word' id='word_1_299' title='bbox 737 4638 808 4702; x_wconf 92' lang='lat' dir='ltr'>Nec</span> <span class='ocrx_word' id='word_1_300' title='bbox 829 4662 924 4720; x_wconf 86' lang='lat' dir='ltr'>mora,</span> <span class='ocrx_word' id='word_1_301' title='bbox 948 4641 1132 4706; x_wconf 86' lang='lat' dir='ltr'>christicolas</span> <span class='ocrx_word' id='word_1_302' title='bbox 1153 4641 1253 4705; x_wconf 69' lang='lat' dir='ltr'>noblis</span> <span class='ocrx_word' id='word_1_303' title='bbox 1276 4663 1349 4704; x_wconf 90' lang='lat' dir='ltr'>cece</span> <span class='ocrx_word' id='word_1_304' title='bbox 1370 4642 1502 4704; x_wconf 86' lang='lat' dir='ltr'>tenebris</span> <span class='ocrx_word' id='word_1_305' title='bbox 1528 4662 1581 4724; x_wconf 87' lang='lat' dir='ltr'>per</span> <span class='ocrx_word' id='word_1_306' title='bbox 1594 4643 1683 4705; x_wconf 87' lang='lat' dir='ltr'>devia</span> <span class='ocrx_word' id='word_1_307' title='bbox 1695 4663 1762 4728; x_wconf 78' lang='lat' dir='ltr'>gra·</span> 
     </span>
     <span class='ocr_line' id='line_1_41' title="bbox 738 4725 1763 4814; baseline 0.002 -22"><span class='ocrx_word' id='word_1_308' title='bbox 738 4725 855 4792; x_wconf 88' lang='lat' dir='ltr'>dientes</span> <span class='ocrx_word' id='word_1_309' title='bbox 877 4729 1022 4794; x_wconf 89' lang='lat' dir='ltr'>velociter</span> <span class='ocrx_word' id='word_1_310' title='bbox 1046 4729 1252 4811; x_wconf 89' lang='lat' dir='ltr'>insequuntur,</span> <span class='ocrx_word' id='word_1_311' title='bbox 1275 4728 1386 4813; x_wconf 89' lang='lat' dir='ltr'>eosque</span> <span class='ocrx_word' id='word_1_312' title='bbox 1406 4728 1498 4814; x_wconf 91' lang='lat' dir='ltr'>usque</span> <span class='ocrx_word' id='word_1_313' title='bbox 1520 4733 1556 4792; x_wconf 91' lang='lat' dir='ltr'>ad</span> <span class='ocrx_word' id='word_1_314' title='bbox 1578 4729 1639 4792; x_wconf 93' lang='lat' dir='ltr'>duo</span> <span class='ocrx_word' id='word_1_315' title='bbox 1660 4731 1763 4812; x_wconf 87' lang='lat' dir='ltr'>pontis</span> 
     </span>
    </p>
   </div>
   <div class='ocr_carea' id='block_1_3' title="bbox 0 0 2190 6564">
    <p class='ocr_par' dir='ltr' id='par_1_4' title="bbox 0 0 2190 6564">
     <span class='ocr_line' id='line_1_42' title="bbox 0 0 2190 6564; baseline 0 0"><span class='ocrx_word' id='word_1_316' title='bbox 0 0 2190 6564; x_wconf 95' lang='lat' dir='ltr'> </span> 
     </span>
    </p>
   </div>
  </div>
 </body>
</html>
