4336 6572
795 1001 850 1124 36
963 999 1199 1128 Testimonio
1228 1000 1270 1089 in
1302 997 1448 1130 Belgio
1470 999 1651 1126 scripto.

789 1259 957 1321 traheretur
970 1258 1001 1318 in
1016 1257 1142 1340 longum
1156 1254 1282 1335 obfidio,
1297 1272 1420 1338 portum
1434 1258 1516 1320 urbis
1532 1257 1689 1321 transversa
1702 1272 1809 1321 catena

788 1347 884 1407 ferrea
905 1345 983 1407 inter
1003 1346 1077 1407 duas
1091 1344 1204 1408 validas
1226 1361 1320 1408 turres
1340 1347 1502 1423 munitum,
1526 1366 1586 1407 una
1605 1361 1695 1429 atque
1717 1345 1810 1408 altera

789 1433 928 1510 holcade,
952 1453 1080 1514 quarum
1100 1433 1216 1496 carinas
1231 1431 1260 1496 δι
1276 1454 1379 1515 proras
1400 1433 1478 1496 serra
1499 1434 1530 1496 in
1551 1449 1689 1496 crenatos
1705 1435 1810 1496 dentes

789 1520 893 1583 limata
906 1521 1127 1600 obmunierant,
1149 1521 1305 1584 Herlemei
1325 1521 1423 1603 quiin
1439 1542 1474 1583 ea
1490 1522 1684 1603 expeditione
1700 1520 1811 1584 milita-

790 1610 874 1687 bant,
898 1607 1054 1671 observato
1076 1624 1167 1671 vento
1189 1608 1320 1671 secundo
1343 1624 1433 1690 atque
1457 1623 1631 1691 opportuno
1657 1610 1812 1689 invadunt,

790 1695 925 1759 diffradla
944 1711 1049 1759 catena
1070 1697 1247 1759 interiorem
1267 1698 1298 1758 in
1320 1694 1416 1759 smum
1439 1711 1596 1778 penetrant
1609 1694 1710 1780 sicque
1725 1712 1809 1778 pate-

790 1784 870 1847 faoto
897 1801 986 1866 portu
1016 1785 1095 1846 claffi
1114 1785 1272 1848 christiane
1294 1786 1336 1849 rei
1364 1786 1441 1847 bene
1464 1786 1596 1867 gerendo
1620 1782 1810 1848 occasionem

791 1888 983 1955 aperuerunt,
991 1887 1079 1955 capta
1089 1874 1251 1956 deditaque
1260 1874 1334 1936 urbe
1343 1873 1536 1935 munitiffima
1544 1870 1809 1956 copiosrffimaque.

831 1960 928 2024 Cuius
943 1961 985 2022 rei
1003 1962 1151 2022 memorie
1172 1961 1351 2043 sempiterne
1366 1961 1535 2023 institutum
1548 1983 1617 2022 reor
1631 1982 1811 2045 moremque

792 2069 846 2131 per
859 2068 966 2110 manus
986 2049 1016 2109 in
1038 2049 1119 2110 hunc
1137 2047 1228 2132 usque
1244 2051 1326 2111 diem
1341 2051 1484 2111 traditum
1498 2048 1633 2111 observat
1647 2047 1810 2110 Harlemea

791 2137 895 2220 pubes,
909 2151 942 2196 ut
964 2134 1030 2200 Cal.
1045 2133 1191 2200 Ianuariis
1206 2146 1277 2220 (que
1292 2158 1329 2198 an
1348 2137 1470 2199 huiusce
1490 2137 1705 2219 strategematis
1726 2135 1812 2200 testes

791 2224 918 2302 suerint,
944 2222 1023 2285 clam
1051 2245 1100 2285 me
1127 2222 1179 2298 est)
1208 2225 1361 2287 naviculas
1385 2224 1499 2288 serratis
1527 2225 1623 2306 proris
1648 2224 1811 2306 ,instrueres

791 2311 993 2393 imaginesque
1013 2311 1140 2373 villorie
1162 2328 1345 2395 argumenta,
1360 2311 1475 2374 bacillis
1496 2311 1623 2390 suffixas,
1638 2313 1667 2374 in
1683 2311 1813 2393 publicis

791 2398 1058 2480 supplicationibus
1085 2401 1284 2462 circumferat.
1313 2401 1517 2482 Certiorisque
1544 2399 1615 2462 fidei
1644 2399 1813 2462 testimonia

792 2485 943 2568 supersunt
960 2509 998 2550 ex
1018 2507 1068 2549 ere
1088 2487 1252 2551 Corinthio
1272 2488 1473 2550 tintinnabula
1493 2487 1541 2549 seu
1561 2503 1712 2550 aramenta
1735 2488 1815 2566 bina,

792 2595 851 2656 que
872 2576 902 2635 in
922 2575 1077 2637 editiffime
1099 2576 1187 2637 turris
1207 2575 1321 2657 fastigio
1341 2575 1473 2658 suspensa
1493 2591 1599 2660 arguto
1621 2576 1730 2638 tinnitu
1755 2575 1815 2638 late

793 2661 990 2744 perstrepunt,
1004 2685 1021 2724 a
1035 2684 1067 2725 re
1082 2662 1256 2727 Damiatica
1270 2679 1453 2745 nuncupata.

990 2907 1045 2980 26.
1072 2912 1261 2980 lonnnnns
1286 2926 1316 2980 A
1340 2909 1458 2980 hauns
1484 2925 1518 2992 (†
1533 2925 1626 2998 1504),

852 3063 856 3071 Ι
923 3103 1092 3170 Chronicon
1111 3099 1270 3192 Belgicam
1296 3111 1344 3176 (—
1360 3111 1448 3178 1418),
1462 3110 1478 3160 t.
1491 3111 1584 3173 XVIII,
1596 3127 1618 3162 c.
1635 3128 1678 3165 20.

871 3258 1021 3357 [svenosa
1035 3294 1125 3344 Rerum
1137 3291 1293 3358 Belgdarum
1305 3289 1417 3354 annales,
1432 3288 1597 3355 Francofurti‚
1614 3295 1690 3354 1620,
1701 3289 1737 3358 1.]

1300 3429 1318 3470 tl*

832 3596 1002 3680 Imperator
1022 3614 1124 3661 autem
1146 3597 1183 3682 [F
1185 3599 1329 3661 ridericus
1343 3597 1401 3681 1!],
1423 3597 1570 3680 plerisque
1598 3598 1817 3661 munitionibus
1831 3629 1853 3674 p.
1867 3613 1909 3671 ¹⁶9

794 3683 900 3749 eversis
932 3686 1109 3749 Damiatam
1144 3686 1250 3748 urbem
1282 3685 1394 3769 Egypti
1431 3684 1666 3768 pulcherrimam
1703 3686 1817 3748 circum

794 3773 919 3853 obsedit,
937 3775 973 3837 ad
993 3795 1085 3856 quam
1107 3775 1334 3837 subvertendam
1355 3774 1450 3836 multa
1471 3789 1695 3835 tormentorum
1710 3795 1819 3856 genera

794 3863 915 3926 diversis
936 3884 1007 3923 cum
1035 3863 1161 3944 ingeniis
1189 3863 1351 3945 adaptavit.
1369 3863 1425 3925 Sed
1448 3864 1509 3924 hoc
1532 3863 1658 3924 minime
1685 3860 1818 3944 profuit:

709 3970 712 3980 ¹
794 3951 948 4035 presertim
962 3949 1074 4012 cum&
1089 3952 1194 4013 eadem
1209 3952 1278 4013 urbs
1290 3951 1428 4014 humanis
1443 3949 1524 4033 quast
1539 3952 1650 4013 vlribus
1665 3949 1721 4011 fuit
1735 3950 1820 4038 inex7

796 4037 965 4122 pugnabilis
979 4037 1009 4100 δι
1023 4040 1107 4100 omni
1132 4054 1224 4121 parte,
1239 4054 1430 4121 preterquam
1452 4043 1488 4100 ad
1513 4055 1641 4121 portam,
1661 4035 1820 4100 inaccessa-

795 4126 878 4189 bilis:
890 4126 927 4187 ab
941 4140 1070 4208 utraque
1081 4148 1154 4188 vero
1167 4142 1250 4208 parte
1265 4127 1407 4189 maritimi
1423 4144 1539 4209 portus,
1553 4126 1646 4188 castra
1659 4125 1821 4188 constituta

796 4213 1018 4297 prominebant,
1040 4236 1100 4298 que
1120 4215 1238 4278 cunblis
1262 4215 1436 4276 introeundi
1451 4214 1568 4276 aditum
1582 4214 1718 4276 securum
1734 4215 1821 4276 navi-

794 4302 935 4385 gantibus
953 4302 1151 4385 denegabant.
1174 4301 1290 4366 Turres
1308 4303 1422 4379 etenim
1443 4302 1622 4364 alterutrum
1640 4324 1678 4363 ex
1698 4303 1820 4364 adverso

796 4411 867 4452 cum
881 4389 1018 4453 vestibus
1036 4391 1118 4453 eneis
1134 4390 1313 4453 &cathenis
1334 4392 1436 4454 setteis
1456 4392 1555 4454 subter
1577 4413 1686 4475 aquam
1701 4389 1822 4452 latenti-

797 4479 852 4542 bus
872 4479 1134 4540 combinabantur.
1156 4476 1262 4564 Itaque
1286 4480 1473 4543 civitatenses
1495 4503 1558 4543 non
1580 4478 1720 4542 assultum
1738 4478 1822 4540 urbis

797 4587 855 4628 nec
869 4565 990 4629 hostiles
1005 4566 1188 4630 incursiones
1202 4568 1304 4652 aliquo
1320 4569 1414 4630 modo
1429 4570 1617 4632 verebantur.

838 4651 955 4717 Interea
975 4653 1164 4719 Wilhelmus
1185 4657 1222 4717 de
1243 4655 1418 4736 Hollandia,
1432 4656 1563 4719 secundo
1577 4657 1697 4740 genitus
1716 4655 1820 4738 prefati

798 4741 825 4805 F
827 4741 944 4824 lorentij
967 4742 1099 4807 Comitis
1120 4744 1301 4824 Hollandie,
1321 4765 1390 4806 cum
1413 4744 1657 4807 Harlemenlibus
1680 4743 1823 4806 consede-
