4336 6572
530 1050 595 1142 ς).
629 1017 852 1112 Matthaeus
880 1019 1327 1149 Weflmorrosleriensts.
1392 1023 1451 1146 69

556 1429 573 1502 ς
577 1429 608 1507 3
634 1428 867 1482 MATTHAEUS
893 1427 1338 1500 WESTMONASTERIENSIS,

686 1607 787 1675 Floret
805 1607 1008 1696 Historiarum
1034 1618 1081 1685 (—
1099 1618 1190 1687 ηυγ).

803 1780 903 1846 [Lond.,
922 1797 998 1847 1570,
1011 1778 1075 1845 in-s]

931 1920 949 1961 ¹l=

318 2107 339 2152 p.
353 2093 411 2138 1006
454 2099 457 2104 ’
459 2123 526 2138 .....
542 2084 625 2137 Anno
645 2083 726 2154 gratie
748 2085 926 2148 Mccxvn1‚
945 2101 987 2136 rex
1009 2083 1134 2135 Henricus
1150 2082 1197 2134 suit
1217 2083 1249 2134 ad
1273 2083 1364 2147 natale,
1381 2083 1448 2152 apud
1465 2092 1522 2139 1218

423 2161 621 2231 Northampton,
634 2162 745 2216 Falcafio
759 2162 811 2231 regi
824 2161 956 2214 necessaria
970 2160 1130 2213 ministrante.
1150 2160 1238 2212 Mense
1255 2177 1314 2212 vero
1327 2159 1394 2227 maij,
1407 2177 1449 2212 rex
1462 2163 1515 2209 Mai.

422 2240 547 2294 Iohannes
562 2243 725 2307 Hierusalem,
738 2260 795 2294 cum
817 2241 1001 2312 patriarcha,&
1018 2241 1148 2310 episcopis,
1170 2239 1256 2292 incolit
1276 2239 1406 2294 Bethleem
1425 2243 1449 2293 a

422 2323 511 2390 Acon,
523 2325 547 2376 &
559 2325 611 2376 aliis
625 2324 734 2395 prelatis,
746 2326 810 2377 duce
822 2343 924 2394 quoque
939 2323 1047 2388 Austrie,
1056 2323 1177 2392 magistris
1187 2320 1271 2391 templi
1281 2323 1304 2372 ἂ
1314 2320 1452 2390 hospitalia,

423 2403 447 2454 tr
466 2405 557 2457 domus
574 2404 658 2458 sandle
675 2405 758 2457 Marie
774 2404 1020 2466 Teutonicorum,&
1037 2403 1222 2454 christianorum
1238 2399 1398 2452 multitudiue
1418 2401 1451 2452 ab

423 2482 501 2534 Acon
514 2484 592 2552 utipue
604 2484 750 2537 Damiatam
764 2485 879 2553 prospere
900 2483 1058 2550 navigarunt,
1072 2486 1096 2534 ur
1114 2480 1193 2534 slatim
1211 2478 1307 2533 obsefl'a
1326 2479 1360 2532 eli
1379 2479 1451 2531 turris

422 2563 532 2631 quedam
545 2580 602 2615 cum
616 2576 714 2629 catena,
725 2581 774 2632 que
783 2563 914 2615 videbatur
923 2561 1000 2614 totius
1009 2560 1116 2613 civitatis
1130 2578 1180 2612 non
1195 2560 1270 2628 longe
1284 2559 1343 2611 inde
1356 2569 1451 2610 remote

423 2642 499 2692 robur
512 2642 536 2693 δι
551 2641 667 2695 desenfio.
683 2645 717 2695 Et
729 2655 789 2694 tunc
801 2643 848 2694 suit
860 2641 952 2709 eclipsrs
965 2641 1023 2692 lune
1035 2638 1166 2708 generalis,
1178 2641 1201 2690 dr
1215 2656 1265 2690 non
1274 2637 1316 2690 diu
1326 2637 1450 2707 protrasia

422 2720 558 2786 obsidione,
576 2735 649 2791 capta
670 2723 704 2774 est
727 2740 742 2772 a
765 2719 900 2774 chrillianie
918 2720 990 2772 turris
1009 2737 1065 2770 cum
1087 2731 1185 2771 catena.
1208 2718 1373 2772 Destruuntur
1387 2716 1450 2769 muri

424 2797 576 2851 Hierusalem
602 2818 617 2851 a
646 2801 783 2866 Saracenis,
812 2800 845 2851 ad
866 2800 1035 2852 revocandum
1062 2797 1215 2862 christianos,
1241 2815 1272 2849 ne
1298 2795 1451 2849 obsideretur

421 2877 548 2930 Damiata.
560 2879 674 2933 Advenit
683 2880 809 2949 Pelagius,
818 2878 968 2931 Albanenlis
981 2878 1119 2948 episcopua,
1131 2875 1262 2945 apostolice
1271 2875 1334 2926 sedis
1343 2875 1450 2944 legatus,

421 2957 504 3024 potina
519 2959 552 3010 ad
570 2959 749 3012 desolationem
770 2959 968 3023 christianorum,
989 2975 1064 3026 quam
1077 2956 1282 3021 consolationem,
1297 2953 1357 3006 sicut
1372 2953 1450 3005 finalis

422 3035 456 3086 rei
470 3049 574 3090 eventus
586 3039 671 3108 postea
682 3039 825 3092 declaravit.
840 3037 955 3091 Advenit
968 3037 1043 3089 etiam
1055 3035 1170 3105 magister
1179 3037 1306 3086 Robertue
1317 3033 1349 3084 de
1358 3033 1450 3101 †Cor·

422 3114 475 3178 sim,
489 3118 666 3184 cardinalia&
686 3118 805 3188 magiller
816 3118 934 3170 Thomas
946 3119 978 3168 de
994 3116 1089 3177 Nouio,
1106 3113 1216 3182 theologi
1237 3115 1260 3165 u
1282 3111 1449 3182 predicatores

421 3194 621 3263 excellentissuni,
640 3199 814 3251 Romanorum
836 3214 938 3266 quoque
957 3196 1101 3256 multitudo,
1119 3193 1203 3263 quiin
1221 3192 1302 3261 primo
1314 3191 1449 3244 certamine

421 3284 492 3343 terga
506 3273 567 3344 suge
579 3278 677 3342 dantes,
689 3277 849 3347 pernitiosum
861 3276 996 3329 christianis
1011 3273 1161 3344 exemplum,
1174 3273 1234 3325 sicut
1248 3271 1332 3340 postea
1344 3271 1449 3335 dicetur,

421 3356 584 3422 prebuerunt.
603 3360 731 3409 Venerunt
746 3356 821 3409 etiam
842 3357 873 3408 de
891 3373 969 3424 regno
990 3354 1088 3423 Anglie
1104 3353 1148 3405 viri
1167 3352 1272 3415 nobiles,
1289 3351 1314 3402 dr
1336 3350 1449 3402 nomina·

420 3433 513 3500 tissimi,
524 3435 621 3488 illustris
633 3454 718 3489 comes
735 3436 828 3490 Ceslrie
842 3435 1000 3506 Ranulphus,
1013 3452 1071 3486 cum
1087 3431 1223 3484 comitibus
1241 3433 1316 3483 Saero
1330 3429 1448 3482 Winton.

420 3513 609 3568 &Gulihelmo
632 3517 784 3581 Arundello‚
805 3517 830 3568 dt
850 3516 939 3568 inclitis
958 3514 1104 3579 baronibus,
1124 3513 1240 3564 Roberto
1260 3509 1311 3561 silio
1329 3509 1448 3574 Walteri,

420 3592 530 3647 Iohanne
538 3595 721 3648 constabulario
731 3596 834 3660 Cestrie,
847 3595 993 3648 Guilhelmo
1000 3594 1031 3644 de
1039 3595 1189 3654 Harecourt,
1202 3587 1313 3641 Oliverio
1324 3588 1375 3640 silio
1383 3589 1447 3658 regis

419 3671 526 3741 Anglie,
544 3691 602 3726 cum
622 3676 719 3745 sequela
741 3675 782 3726 soa
798 3693 848 3726 non
866 3673 975 3736 modica,
994 3672 1025 3724 ad
1040 3671 1192 3723 obsidionem
1216 3668 1343 3721 Damiate.
1366 3670 1447 3721 Notte

420 3768 479 3803 vero
495 3753 570 3805 sandli
583 3755 698 3819 Andree,
710 3753 949 3823 incomparabilis&
967 3752 1080 3804 inaudita
1096 3751 1238 3818 tempesias,
1254 3749 1370 3813 tonitrus,
1386 3749 1448 3800 cho·
1461 3763 1520 3808 Nov,
1533 3777 1562 3824 29

419 3827 578 3897 mscationes,
590 3835 666 3899 venti,
678 3835 702 3886 &
715 3834 797 3903 pluvie
810 3846 892 3885 totum
906 3831 958 3885 sere
972 3832 1093 3884 mundum
1108 3849 1151 3900 per
1165 3841 1248 3898 partes
1260 3828 1350 3881 scilicet
1366 3828 1447 3880 orien-

418 3909 517 3962 tales&
535 3912 712 3978 occidentales,
724 3913 865 3966 terribiliter
886 3912 1014 3974 concussit,
1025 3911 1048 3961 u
1061 3923 1114 3962 tam
1129 3927 1197 3963 mare
1211 3925 1287 3978 quam
1304 3908 1393 3960 Nilum
1412 3907 1448 3960 ita

418 3989 503 4058 coegit
515 3990 597 4044 subito
610 3991 780 4058 intumescere,
794 3992 863 4061 quod
876 4004 928 4043 tam
941 3990 1030 4055 incole,
1039 4007 1116 4060 quarn
1128 3987 1250 4042 christiani
1260 3987 1353 4040 damna
1365 3987 1448 4041 incur-

419 4071 506 4122 rebant
519 4071 717 4126 irrestaurabilia.

454 4186 515 4202 .....
529 4151 628 4202 Eodem
640 4163 754 4220 tempore
772 4150 839 4204 frua
856 4150 890 4203 est
903 4148 1000 4202 obsidio
1020 4149 1095 4220 plena
1111 4147 1217 4200 civitatis
1234 4147 1361 4212 Damiate‚
1377 4165 1447 4202 cour-

418 4227 503 4300 pofitia
515 4230 637 4298 tentoriis,
648 4229 747 4284 fossatis
760 4233 783 4283 tr
798 4230 954 4283 stationibus.

457 4309 491 4362 Et
503 4308 568 4362 circa
582 4309 634 4362 dies
657 4310 722 4372 illos,
737 4310 791 4379 poli
804 4313 911 4378 {captam
930 4307 1030 4373 turrim,
1048 4309 1071 4358 dr
1093 4305 1247 4358 obsdionem
1261 4306 1381 4360 Damiate
1393 4324 1448 4377 per·

419 4385 484 4438 leble
497 4400 664 4458 preparatam,
673 4389 829 4458 Saphadinus
840 4388 936 4440 dierum
947 4390 1069 4440 malorum
1080 4386 1241 4450 inveteratus,
1251 4383 1446 4456 fratruelumque

420 4465 520 4520 suorum
537 4469 729 4534 exhereditatus,
738 4487 769 4522 ac
782 4470 853 4538 regni
865 4470 927 4522 Alie
941 4470 1073 4538 usurpator
1087 4464 1254 4535 nequissimus,
1267 4465 1354 4518 dolore
1364 4468 1448 4520 curtlia

418 4545 523 4600 affenus
534 4548 688 4616 intrinsecus,
702 4563 815 4603 mortuus
830 4551 872 4618 esi,
885 4549 1031 4620 &sepultus
1045 4551 1069 4601 in
1080 4548 1185 4600 inferno.
1201 4545 1249 4599 Cui
1262 4545 1371 4599 successit
1384 4547 1447 4600 silius

419 4627 471 4680 eius
485 4627 637 4694 Coradinus,
647 4641 752 4698 paterne
765 4630 875 4699 nequitie
890 4631 1003 4684 imitator
1014 4629 1157 4683 indefessus.

298 4751 343 4801 μ’
419 4707 1447 4859 „nn&stultnslsi?,tlsstslsll‘tlnlstlllsls
1463 4738 1521 4786 ¹²¹⁹

534 4824 543 4853 2
681 4829 689 4856 ἱ
1162 4827 1171 4854 2
