4336 6572
734 969 793 1061 86
923 965 1165 1091 Teslimoniu
1186 965 1227 1056 in
1252 961 1390 1056 Gallia
1401 965 1582 1090 scriptu.

732 1231 828 1288 sortiori
852 1231 931 1285 cellro
954 1229 987 1282 de
1010 1239 1066 1280 toto
1091 1227 1196 1280 mundo.
1225 1225 1307 1280 Distat
1327 1236 1412 1280 autem
1433 1244 1449 1278 a
1470 1226 1590 1280 Damieta
1610 1245 1654 1297 per
1678 1245 1753 1282 unam

732 1314 834 1368 dietam.

662 1418 722 1452 1220
769 1395 880 1462 Purgata
898 1403 982 1444 antem
998 1388 1099 1442 civitate
1113 1388 1241 1452 Damieta,
1261 1387 1359 1458 legatus
1371 1389 1395 1440 st
1409 1388 1559 1458 patriarcha,
1578 1405 1636 1440 cum
1651 1387 1718 1442 clero
1730 1391 1754 1442 se
1767 1389 1837 1449 oliv,
1847 1407 1868 1452 p.
1883 1403 1942 1451 ¹4¹9
1988 1409 1992 1418 ν

733 1473 835 1545 populo,
856 1471 962 1524 accensis
986 1468 1094 1522 candelis
1113 1469 1136 1520 δι
1155 1468 1327 1532 luminaribus,
1345 1485 1403 1520 cum
1427 1467 1530 1539 hymnis
1542 1470 1566 1520 bt
1578 1469 1690 1534 canticis,
1713 1469 1754 1522 die

629 1556 692 1603 Febr.
705 1571 719 1603 ι
733 1550 913 1608 Purificationis
926 1552 998 1602 beate
1011 1549 1095 1602 Marie
1105 1547 1312 1617 processionaliter
1324 1546 1423 1616 ingressi
1436 1547 1490 1598 sunt
1500 1547 1635 1600 civitatem.
1649 1549 1754 1600 Fecerat

731 1643 815 1685 autem
835 1631 933 1699 legatus
955 1627 1089 1680 maximam
1111 1625 1236 1696 preparari
1258 1625 1392 1689 basilicam,
1416 1643 1492 1696 quam
1518 1625 1543 1677 in
1564 1627 1658 1680 honore
1681 1629 1754 1680 beate

730 1711 813 1766 Marie
826 1708 932 1778 Virginis
953 1707 1113 1772 consecravit,
1131 1706 1155 1758 in
1174 1723 1225 1775 qua
1244 1706 1332 1758 eadem
1345 1706 1385 1758 die
1406 1705 1534 1758 missarum
1556 1707 1674 1760 solemnia
1695 1723 1753 1760 cum

729 1788 845 1860 lacrymis
857 1789 881 1839 bt
894 1805 987 1856 magna
1000 1786 1135 1839 devotione
1148 1784 1232 1856 populi
1244 1783 1388 1850 celebravit,
1401 1784 1426 1836 in
1438 1801 1489 1852 qua
1503 1784 1578 1837 etiam
1595 1786 1678 1838 sedem
1690 1785 1753 1856 epis·

730 1867 844 1937 copalem
856 1867 958 1919 instituit
960 1905 1054 1920 .....

765 1949 823 1999 Ηοο
843 1963 919 2012 anno,
939 1947 1006 2016 apud
1029 1945 1174 1998 Damietam
1198 1945 1262 1996 inter
1283 1943 1421 1996 Iohannem
1444 1960 1529 2012 regern
1552 1943 1707 1996 Hierusalem
1728 1945 1942 2010 &onv.,p‚1422

729 2025 840 2095 legatum
859 2040 915 2078 orta
933 2027 966 2078 ell
984 2024 1098 2078 dissensio
1118 2042 1165 2094 pro
1182 2041 1213 2076 eo
1227 2024 1296 2092 quod
1311 2024 1410 2092 legatus
1422 2022 1525 2074 universi
1538 2024 1660 2076 exercitus
1671 2023 1753 2076 domi-
1765 2039 1787 2083 p·
1799 2035 1840 2082 3⁰1

729 2104 798 2158 nium
812 2105 954 2174 usurpabat,
966 2105 998 2156 ad
1013 2105 1070 2168 hoc,
1086 2115 1113 2156 ut
1125 2104 1265 2169 dicebatur,
1277 2103 1394 2156 laborans
1407 2115 1434 2154 ut
1447 2114 1531 2154 totum
1545 2102 1663 2157 Demiete
1675 2121 1754 2174 nego·

729 2169 849 2253 tium'per
861 2203 919 2239 eum
931 2186 1055 2239 videretur
1067 2183 1115 2237 else
1129 2183 1234 2248 nuum,
1248 2183 1317 2236 &ob
1329 2183 1379 2234 hoc
1392 2199 1436 2234 rex
1449 2199 1465 2233 a
1477 2181 1596 2234 Damieta
1608 2181 1642 2234 ad
1655 2193 1753 2252 tempus

729 2264 841 2318 discessit.

950 2470 1007 2568 67.
1035 2473 1257 2545 Canonrcus
1281 2473 1524 2561 Tononnnsrs,

978 2663 1148 2730 Chronicon
1166 2659 1334 2752 Turonense
1354 2673 1401 2737 (-
1414 2673 1502 2736 1227).

989 2844 1054 2908 [Κατ.
1070 2842 1113 2894 des
1126 2840 1180 2910 hist.
1194 2842 1226 2893 de
1237 2839 1264 2892 la
1276 2841 1377 2909 Fruere,
1390 2842 1497 2907 xvn1.]

1235 2979 1254 3022 sb

660 3167 715 3201 1221
770 3129 864 3190 Anno
880 3122 1073 3204 MCCXXI,
1086 3147 1158 3188 cum
1174 3125 1321 3209 Pelagius,
1345 3125 1419 3188 sedis
1441 3125 1606 3207 apostolice
1628 3125 1753 3210 legatus,
1766 3157 1788 3203 p.
1799 3153 1844 3202 290

731 3215 880 3299 populum
892 3214 954 3278 Dei
969 3213 1222 3278 innumerabilem
1236 3214 1316 3296 apud
1332 3211 1509 3276 Damietam
1523 3214 1575 3275 diu
1590 3213 1666 3277 nihil
1681 3237 1753 3296 pro-

730 3303 820 3367 licere
833 3299 1040 3385 conspexisset,
1054 3301 1213 3384 cordisque
1225 3299 1334 3364 affectu
1350 3301 1474 3364 dilatare
1485 3303 1646 3384 imperium
1659 3301 1751 3364 chris·

730 3393 802 3455 tiani
818 3391 952 3454 nominis
966 3391 1129 3469 anhelaret,
1149 3390 1323 3473 excogitare
1337 3391 1429 3472 cepit,
1444 3405 1546 3452 utrum
1561 3411 1614 3452 eos
1629 3390 1753 3453 duceret

730 3481 767 3543 ad
784 3481 895 3552 ¹urbem
917 3478 1103 3540 Alexandrie
1119 3477 1340 3558 debellandam,
1362 3499 1400 3540 an
1423 3479 1454 3540 in
1470 3495 1568 3560 partes
1585 3477 1752 3562 Babylonio

731 3567 904 3630 ascenderet
916 3582 1024 3629 contra
1033 3566 1158 3644 flumen,
1183 3567 1347 3650 auditoque
1362 3567 1444 3648 quod
1460 3563 1532 3627 esset
1546 3565 1652 3630 Casale
1665 3565 1752 3649 super

729 3658 826 3738 ripam
849 3655 992 3734 fluminis,
1022 3654 1186 3718 divitiis&
1210 3653 1336 3717 edificiis
1361 3655 1577 3738 premunitum,
1602 3653 1711 3718 distans
1736 3676 1753 3718 a

730 3744 888 3828 Babylone
905 3745 997 3828 xxiij.
1012 3743 1122 3823 stadiis,
1137 3743 1306 3808 &totidem
1320 3765 1338 3806 a
1352 3743 1507 3823 Damieta,
1525 3746 1575 3807 ubi
1588 3744 1680 3808 Nilus
1694 3743 1752 3806 flu-

730 3833 796 3898 vius
820 3833 988 3916 tripartitus
1013 3833 1068 3895 tria
1093 3833 1228 3916 ingentia
1251 3832 1378 3895 flumina
1402 3834 1439 3895 de
1464 3832 1491 3895 se
1517 3834 1598 3913 facit,
1622 3851 1753 3917 quorum

730 3923 864 4005 primum
886 3920 1101 3984 Alexandriam
1118 3922 1224 3998 tendit,
1248 3921 1412 3984 secundum
1427 3920 1614 4000 Damietam,
1629 3920 1753 3983 tertium

729 4011 760 4072 in
774 4031 900 4092 campos
913 4009 1084 4092 Taphneos
1105 4010 1289 4093 dignoscitur
1307 4007 1449 4088 definisse,
1474 4011 1524 4072 ubi
1546 4011 1638 4073 etiam
1652 4009 1753 4073 Sarra-

729 4101 797 4162 ceni
809 4115 935 4182 pontem
950 4099 1073 4160 navium
1084 4097 1356 4172 fabricaverant&
1372 4097 1412 4159 ob
1427 4099 1486 4159 hoc
1501 4097 1701 4180 Casale-pons
1714 4101 1753 4162 ab

728 4188 871 4251 omnibus
894 4187 1070 4266 vocabatur,
1100 4185 1135 4248 ad
1166 4186 1238 4248 illud
1264 4185 1462 4249 obsidendum
1485 4185 1514 4248 δι
1538 4185 1753 4250 debellandum

730 4275 868 4359 Pelagius
889 4275 1060 4337 omnimodi
1081 4274 1197 4357 legatus
1221 4273 1388 4358 suspirabat.
1415 4274 1567 4338 Movebat
1590 4295 1661 4337 eum
1684 4297 1754 4358 pre-

730 4365 819 4448 cipue
833 4363 909 4427 liber
922 4363 1046 4446 quidam
1067 4364 1105 4425 ab
1120 4362 1182 4446 ipso
1198 4363 1276 4425 inter
1289 4364 1446 4425 manubias
1461 4361 1593 4424 hostium
1608 4380 1754 4447 repertus,

729 4454 761 4515 in
783 4475 846 4535 quo
870 4453 1083 4515 continebatur
1105 4451 1188 4535 quod
1213 4450 1262 4514 lex
1284 4450 1477 4515 Macbometi
1498 4450 1645 4514 sexcentis
1667 4453 1753 4516 annis

730 4540 943 4604 tantummodo
962 4542 1092 4620 duraret,
1113 4540 1274 4623 menseque
1295 4539 1380 4602 iunio
1395 4541 1553 4622 expiraret,
1573 4540 1700 4624 &quod
1715 4542 1753 4602 de

730 4627 882 4711 Hispaniis
897 4630 1014 4692 veniret
1033 4629 1086 4710 qui
1107 4649 1174 4690 eam
1189 4627 1309 4711 penitus
1324 4625 1480 4704 aboleret3
1499 4627 1614 4692 &ideo
1628 4627 1754 4712 legatus,

730 4717 782 4801 qui
797 4717 835 4778 de
850 4715 997 4799 Hispanio
1016 4731 1105 4780 natus
1119 4732 1194 4796 erat,
1211 4715 1298 4778 illum
1312 4714 1425 4778 librum
1439 4715 1621 4778 veriffimum
1635 4715 1754 4779 estima-
