4336 6572
810 951 864 1042 82
985 951 1226 1082 ‘sessimonio
1246 952 1285 1042 in
1313 948 1454 1043 Gallio
1465 949 1643 1074 scripta.

808 1210 920 1276 nobilis
941 1212 1108 1294 plurimum
1122 1214 1152 1277 δι
1167 1215 1300 1294 antiqua.
1314 1211 1391 1275 Sane
1405 1210 1556 1276 lohannes
1573 1234 1626 1276 rex
1640 1213 1829 1277 Hierusalem

808 1301 856 1362 vir
870 1315 979 1383 potens
994 1302 1023 1365 ἃ
1036 1301 1182 1382 strenuus,
1201 1322 1236 1364 ae
1251 1299 1349 1364 fidelis
1364 1302 1425 1362 dux
1440 1301 1572 1381 Austrie,
1586 1302 1622 1364 ad
1637 1303 1715 1364 hanc
1729 1299 1828 1385 fingu-

738 1398 793 1446 Μιῑ.
808 1387 910 1452 lariter
923 1390 1160 1473 oppugnandam
1174 1411 1245 1453 curn
1256 1387 1357 1450 valido
1372 1390 1506 1451 exercitu
1520 1389 1621 1452 mense
1636 1390 1717 1452 maio
1732 1389 1830 1452 acces-

807 1476 913 1556 serant,
924 1481 1033 1542 ceteris
1042 1500 1227 1562 paganorum
1239 1478 1363 1540 urbibus
1372 1477 1573 1559 pretermissis.
1582 1476 1737 1541 Dicebant
1747 1481 1829 1542 enim

808 1588 915 1628 omnes
936 1587 973 1628 ex
987 1565 1143 1646 sententia,
1167 1567 1260 1650 quod,
1281 1562 1302 1627 si
1317 1565 1398 1628 dieta
1412 1566 1517 1628 civitas
1531 1567 1599 1648 capi
1615 1557 1720 1647 pollet,
1734 1567 1829 1633 facilis

807 1654 885 1715 soret
907 1655 1000 1718 totius
1019 1654 1121 1717 Terre
1139 1654 1247 1717 Sandte
1262 1652 1406 1715 subiedlo.
1428 1651 1501 1715 Deo
1516 1670 1618 1715 autem
1633 1655 1762 1733 favente,
1782 1676 1829 1718 res

807 1763 845 1804 eo
859 1740 953 1825 usque
968 1743 1140 1821 devenerat,
1157 1743 1240 1824 quod
1255 1740 1358 1820 nostri,
1372 1740 1444 1804 licet
1458 1762 1530 1804 cum
1543 1741 1639 1804 nimio
1655 1741 1758 1805 labore
1772 1765 1829 1806 nec

806 1826 867 1893 sme
881 1828 977 1912 strage
992 1832 1170 1909 multorum,
1188 1847 1301 1892 turrem
1315 1831 1376 1892 iarn
1391 1845 1536 1911 ceperant
1548 1830 1580 1890 in
1594 1829 1682 1892 alveo
1695 1830 1830 1895 fluminis

805 1919 900 1998 sitam,
925 1920 1059 1983 eredlam
1083 1917 1281 2003 singulariter,
1303 1918 1333 1981 dr
1356 1918 1393 1981 ad
1419 1917 1461 1980 sui
1484 1917 1645 2000 presidium
1663 1918 1829 2001 quibusque

806 2007 976 2072 necessariis
987 2007 1168 2070 sufficienter
1178 2009 1337 2070 munitam.
1352 2005 1458 2085 Porro,
1471 2007 1544 2089 quia
1557 2005 1644 2068 multi
1660 2007 1697 2068 de
1713 2004 1829 2088 populo

807 2095 988 2178 placuerunt
1002 2095 1154 2173 Domino,
1168 2092 1310 2177 premisso
1329 2094 1469 2157 triduano
1491 2095 1615 2173 ieiunio,
1636 2096 1719 2178 quod
1731 2093 1828 2162 clerus

805 2185 835 2247 in
853 2206 931 2268 pane
945 2184 975 2247 dr
989 2205 1068 2268 aqua
1080 2184 1215 2262 servavit,
1229 2182 1259 2245 dt
1274 2183 1377 2246 multis
1392 2183 1630 2266 processionibus
1645 2182 1741 2263 sadlis,
1761 2201 1828 2247 ten·

804 2287 858 2335 tarr
874 2290 1060 2337 meruerunt.

687 2353 748 2399 1111·
760 2366 790 2415 ²9
839 2365 906 2417 Nam
919 2364 944 2416 in
956 2363 1042 2432 vigilia
1053 2363 1129 2416 saneti
1148 2363 1253 2415 Andree
1262 2361 1377 2431 aposloli,
1393 2361 1547 2414 inrumerunt
1565 2361 1655 2414 dusius
1668 2361 1752 2429 maris,
1763 2364 1828 2416 cres·
1840 2353 2050 2417 &tumst-Due

803 2454 888 2496 centea
897 2444 922 2496 δι
934 2444 1049 2496 excursus
1061 2440 1180 2499 facientes
1192 2443 1269 2512 usque
1279 2442 1311 2496 ad
1325 2441 1404 2496 castra
1415 2439 1538 2505 fideliume
1550 2442 1583 2496 ab
1596 2441 1646 2493 alia
1656 2454 1725 2510 parte
1735 2443 1827 2497 fluvius
1855 2441 1874 2472 ⁶*
1888 2437 1924 2484 ¹¹⁹
1935 2443 1957 2487 Ρ·
1969 2439 2027 2486 ¹4⁰⁷

803 2520 937 2587 inundans,
951 2521 1005 2576 illor
1017 2521 1152 2591 occupavit
1162 2520 1290 2588 incautoe3
1304 2521 1370 2573 unde
1379 2521 1481 2572 navium
1489 2522 1513 2572 δι
1521 2519 1663 2573 viilualium
1675 2522 1768 2576 damna
1777 2541 1827 2577 non

804 2601 905 2655 modica
915 2603 1074 2671 pertulerunt.
1084 2601 1193 2655 Duravit
1205 2611 1290 2653 autem
1302 2600 1348 2653 hec
1360 2601 1493 2669 tempestae
1501 2617 1544 2668 per
1552 2599 1662 2653 triduum
1669 2603 1827 2657 continuum.

802 2681 894 2734 Invafit
903 2694 1016 2751 preterea
1024 2682 1097 2736 dolor
1107 2681 1248 2751 repentinus
1259 2680 1426 2749 quorumdam
1437 2680 1512 2749 pedes
1523 2681 1548 2732 dr
1556 2697 1638 2746 crura,
1645 2683 1670 2733 ἃ
1677 2682 1827 2736 eoniunffim

803 2776 863 2812 caro
872 2772 989 2831 corrupta
1003 2761 1119 2830 gingivas
1132 2764 1157 2814 ἃ
1169 2761 1256 2815 dentea
1270 2759 1385 2825 obduxit,
1399 2759 1544 2811 masticandi
1551 2759 1690 2828 potentiam
1702 2761 1829 2829 auserem3

804 2838 1007 2894 tibiashorribiliu
1013 2839 1305 2911 nigredofuscaviuafic
1311 2840 1390 2909 longo
1396 2840 1477 2892 traeru
1484 2839 1577 2891 doloris
1585 2839 1742 2906 afflisli,cum
1750 2843 1829 2895 multa

731 2926 790 2976 ¹²¹9
803 2919 923 2988 patientia
936 2921 1107 2990 migraverunt
1120 2921 1152 2973 ad
1166 2920 1316 2974 Dominum.
1333 2919 1436 2972 Plurimi
1449 2919 1580 2987 liquidem,
1592 2920 1670 2988 usque
1683 2920 1715 2972 ad
1730 2933 1829 2990 tempus

803 2999 904 3052 vernale
919 3001 1048 3066 durantes,
1066 3000 1189 3056 beneficio
1209 2999 1297 3053 caloris
1311 3000 1441 3052 evaserunt
1463 2997 1528 3051 illes.
1545 3000 1618 3063 Sane,
1635 2999 1735 3053 infesto
1748 3001 1829 3054 sansie

699 3065 788 3129 11115
804 3075 911 3148 Agathe
924 3079 1036 3149 virginis,
1049 3082 1124 3134 Pater
1137 3079 1358 3133 misericordiarum
1370 3079 1395 3130 δι
1408 3079 1479 3131 Deus
1492 3077 1570 3129 totius
1583 3078 1760 3132 consolationis
1772 3080 1829 3132 nos·
1842 3074 1914 3134 Oliva
1926 3092 1947 3137 Ρ·
1961 3077 2019 3134 141)1

802 3157 847 3212 tris
860 3158 885 3210 in
900 3158 1029 3212 obsidione
1040 3160 1125 3228 politia
1137 3161 1251 3212 conferre
1271 3157 1390 3228 dignatur
1412 3156 1446 3210 est
1459 3156 1589 3209 visloriam
1601 3157 1743 3226 gloriosam.
1762 3161 1829 3214 Cum

802 3235 868 3291 enim
881 3238 963 3307 parati
982 3237 1060 3292 essent
1080 3239 1154 3292 noslri
1175 3249 1203 3291 ut
1219 3238 1324 3291 flurium
1342 3235 1473 3289 tranfirent
1491 3235 1564 3288 causa
1577 3236 1706 3291 obfidendi
1718 3239 1829 3310 undique

802 3315 941 3383 civitatem,
962 3319 1084 3372 Soldanua
1096 3321 1120 3372 dr
1133 3319 1168 3372 sui
1180 3319 1222 3387 qui
1235 3335 1293 3372 cum
1308 3318 1388 3371 multo
1402 3317 1511 3370 exercitu
1524 3317 1595 3385 supra
1609 3317 1746 3386 marginem
1760 3320 1828 3389 fluvii

801 3395 906 3450 fixerant
919 3397 998 3450 castra
1011 3399 1063 3465 sua,
1075 3398 1161 3452 divino
1172 3411 1266 3451 terrore
1280 3395 1411 3466 perterriti,
1431 3408 1489 3448 ante
1500 3396 1561 3448 lucia
1575 3413 1691 3449 auroram
1703 3397 1728 3449 in
1741 3398 1829 3469 fugam

801 3477 912 3531 eonverfi
930 3479 995 3544 sunt,
1012 3479 1093 3530 oaslra
1110 3478 1153 3530 sua
1171 3479 1353 3547 relinquentem
1375 3478 1444 3546 quod
1461 3477 1563 3546 quidam
1577 3477 1698 3546 apostata,
1712 3478 1828 3546 quicum

803 3555 913 3609 Soldano
929 3555 972 3608 diu
988 3555 1147 3622 militaverat,
1170 3555 1258 3609 nostris
1275 3555 1413 3609 insinuarit.
1429 3558 1534 3608 Summo
1545 3554 1622 3624 igitur
1634 3555 1753 3623 diluculo,
1770 3575 1827 3610 oum

801 3633 947 3688 inchoatum
958 3635 1017 3690 esset
1030 3635 1140 3690 officium
1153 3635 1202 3688 dier
1216 3635 1269 3688 sesti
1281 3652 1324 3705 per
1336 3633 1447 3688 oratoria
1460 3633 1657 3700 christianorum,
1670 3638 1829 3690 (taudem

800 3731 879 3768 mes
899 3713 926 3768 ia
944 3716 1054 3780 omno,
1077 3714 1172 3785 gaudio
1192 3715 1293 3784 plenum
1314 3731 1329 3766 a
1349 3714 1464 3768 Domino
1485 3713 1579 3766 sallum
1599 3713 1748 3768 miraculum
1766 3715 1828 3785 regi,

801 3793 887 3863 legato
899 3795 923 3847 dr
935 3794 989 3850 aliia
1005 3795 1144 3849 nunciatur.
1163 3796 1261 3863 Itaque,
1276 3793 1429 3866 fugientibue
1444 3793 1573 3864 Egyptiia,
1589 3793 1663 3848 nostri
1674 3795 1788 3848 certatim
1802 3798 1826 3850 a
1839 3790 1910 3850 Oli'o
1921 3810 1942 3853 Ρ·
1954 3806 2014 3854 1419

801 3872 919 3925 alacriter
935 3873 1038 3926 fluvium
1064 3873 1199 3938 transeunt,
1218 3873 1317 3926 nemine
1332 3871 1468 3938 resistent03
1488 3871 1567 3924 castra
1580 3872 1733 3942 firgientium
1752 3891 1827 3928 oceu-

801 3963 871 4021 pant,
894 3951 972 4022 spolia
984 3970 1070 4005 eorum
1083 3953 1235 4022 diripientes.
1258 3953 1341 4006 Nodle
1361 3951 1473 4021 sequenti
1493 3951 1564 4004 multi
1586 3951 1727 4018 bellatores,
1748 3955 1827 4008 territi

802 4042 903 4100 propter
922 4030 1078 4101 inopinatum
1098 4031 1239 4096 transitum,
1259 4031 1387 4101 fugierunt
1402 4031 1435 4084 de
1450 4029 1578 4097 Damion,
1595 4032 1621 4083 dr
1632 4031 1665 4085 sio
1676 4049 1720 4102 per
1734 4049 1826 4106 gyrum

800 4109 825 4162 in
838 4110 945 4164 crastino
957 4128 972 4162 a
985 4111 1072 4163 nostris
1086 4110 1189 4164 tirmiter
1200 4111 1234 4164 esl
1247 4109 1349 4164 obsessa.

677 4182 745 4232 11111
758 4197 785 4245 ³¹
836 4190 937 4244 Eodem
949 4207 1026 4255 anno,
1038 4189 1062 4242 in
1074 4189 1114 4242 die
1124 4191 1281 4257 Palmarum,
1296 4187 1432 4253 Sarraceni,
1444 4188 1550 4242 eolledto
1560 4189 1664 4242 terribili
1676 4191 1700 4243 u
1712 4191 1827 4244 innume·
1840 4185 1911 4244 Oll'o
1921 4201 1942 4248 Ρ·
1956 4197 2016 4245 ¹4¹0

799 4266 870 4320 rabili
879 4269 999 4334 exercitu,
1012 4269 1109 4322 irruunt
1117 4270 1189 4339 super
1200 4271 1310 4335 nostrum
1323 4268 1451 4338 prelioque
1464 4267 1605 4334 oommislo,
1615 4269 1758 4324 cecideruut
1769 4269 1826 4326 bine
1838 4273 1859 4319 Ρ·
1870 4257 1917 4317 1117

798 4346 856 4400 inde
870 4348 962 4400 mortui
970 4349 995 4401 dr
1005 4347 1127 4402 vulnerati
1139 4348 1228 4404 multis
1239 4350 1341 4402 tandem
1354 4347 1455 4418 fatigati
1468 4359 1623 4402 retraaemnt
1635 4350 1660 4403 se
1671 4349 1754 4406 hoster
1767 4367 1825 4404 eum

798 4426 910 4480 maximo
923 4427 1028 4480 damno.

834 4505 962 4560 Paridem
974 4518 1084 4577 tempus,
1101 4506 1189 4578 regina
1206 4507 1335 4562 civitatum
1354 4508 1517 4579 lemsolyma,
1536 4524 1587 4577 que
1599 4507 1732 4562 ridebatur
1752 4509 1824 4564 inea-
1837 4502 1908 4563 015'2
1919 4520 1941 4567 Ρ·
1954 4517 2013 4568 1419

799 4581 968 4651 pugnabiliter
980 4583 1085 4650 munita,
1097 4585 1219 4638 deliruela
1231 4587 1265 4638 est
1279 4604 1295 4639 a
1307 4584 1436 4644 Coradino
1450 4587 1502 4642 filio
1516 4586 1637 4656 Seladini3
1649 4586 1708 4642 soris
1720 4588 1745 4640 δι
1758 4586 1824 4642 intua

799 4661 863 4716 muri
876 4663 928 4716 eiua
941 4679 1001 4716 cum
1016 4663 1125 4716 turribus
1136 4665 1229 4719 redaeli
1242 4665 1296 4718 sunt
1309 4665 1462 4720 inacervum
1474 4666 1596 4736 lapidum,
1608 4678 1691 4736 preter
1702 4665 1823 4736 templum
