<?xml version="1.0" encoding="UTF-8"?>
<!DOCTYPE html PUBLIC "-//W3C//DTD XHTML 1.0 Transitional//EN"
    "http://www.w3.org/TR/xhtml1/DTD/xhtml1-transitional.dtd">
<html xmlns="http://www.w3.org/1999/xhtml" xml:lang="en" lang="en">
 <head>
  <title>
</title>
<meta http-equiv="Content-Type" content="text/html;charset=utf-8" />
  <meta name='ocr-system' content='tesseract 3.04.00' />
  <meta name='ocr-capabilities' content='ocr_page ocr_carea ocr_par ocr_line ocrx_word'/>
</head>
<body>
  <div class='ocr_page' id='page_1' title='image "./testimoniaminor01rhgoog_0096.png"; bbox 0 0 4336 6572; ppageno 0'>
   <div class='ocr_carea' id='block_1_1' title="bbox 755 901 1589 1082">
    <p class='ocr_par' dir='ltr' id='par_1_1' title="bbox 755 901 1589 1082">
     <span class='ocr_line' id='line_1_1' title="bbox 755 901 1589 1082; baseline 0.006 -42"><span class='ocrx_word' id='word_1_1' title='bbox 755 949 806 1042; x_wconf 84' lang='lat'>16</span> <span class='ocrx_word' id='word_1_2' title='bbox 925 901 1167 1082; x_wconf 73' lang='lat' dir='ltr'>Testitnonia</span> <span class='ocrx_word' id='word_1_3' title='bbox 1188 955 1229 1043; x_wconf 88' lang='grc' dir='ltr'>ἰιι</span> <span class='ocrx_word' id='word_1_4' title='bbox 1250 954 1396 1082; x_wconf 80' lang='lat' dir='ltr'><em>Belgio</em></span> <span class='ocrx_word' id='word_1_5' title='bbox 1407 956 1589 1081; x_wconf 82' lang='lat' dir='ltr'>scripta.</span> 
     </span>
    </p>
   </div>
   <div class='ocr_carea' id='block_1_2' title="bbox 741 1209 1764 2506">
    <p class='ocr_par' dir='ltr' id='par_1_2' title="bbox 741 1209 1764 2506">
     <span class='ocr_line' id='line_1_2' title="bbox 746 1209 1763 1299; baseline 0.008 -28"><span class='ocrx_word' id='word_1_6' title='bbox 746 1209 865 1292; x_wconf 83' lang='lat' dir='ltr'>gheden</span> <span class='ocrx_word' id='word_1_7' title='bbox 887 1210 1040 1291; x_wconf 72' lang='lat' dir='ltr'>flamen,</span> <span class='ocrx_word' id='word_1_8' title='bbox 1054 1213 1131 1276; x_wconf 88' lang='lat' dir='ltr'>ende</span> <span class='ocrx_word' id='word_1_9' title='bbox 1150 1213 1292 1277; x_wconf 71' lang='lat' dir='ltr'>{metense</span> <span class='ocrx_word' id='word_1_10' title='bbox 1315 1217 1371 1278; x_wconf 89' lang='lat' dir='ltr'>mit</span> <span class='ocrx_word' id='word_1_11' title='bbox 1390 1216 1554 1299; x_wconf 83' lang='lat' dir='ltr'>{lingheren</span> <span class='ocrx_word' id='word_1_12' title='bbox 1568 1238 1609 1298; x_wconf 92' lang='lat' dir='ltr'>op</span> <span class='ocrx_word' id='word_1_13' title='bbox 1624 1217 1674 1279; x_wconf 83' lang='lat' dir='ltr'>die</span> <span class='ocrx_word' id='word_1_14' title='bbox 1686 1217 1763 1279; x_wconf 84' lang='lat' dir='ltr'>stad-</span> 
     </span>
     <span class='ocr_line' id='line_1_3' title="bbox 743 1296 1763 1385; baseline 0.008 -26"><span class='ocrx_word' id='word_1_15' title='bbox 743 1296 853 1361; x_wconf 86' lang='lat' dir='ltr'>hwsen.</span> <span class='ocrx_word' id='word_1_16' title='bbox 878 1298 980 1362; x_wconf 85' lang='lat' dir='ltr'>Aldus</span> <span class='ocrx_word' id='word_1_17' title='bbox 1001 1315 1081 1363; x_wconf 89' lang='lat' dir='ltr'>wort</span> <span class='ocrx_word' id='word_1_18' title='bbox 1099 1301 1171 1363; x_wconf 86' lang='lat' dir='ltr'>daer</span> <span class='ocrx_word' id='word_1_19' title='bbox 1190 1322 1246 1365; x_wconf 86' lang='lat' dir='ltr'>een</span> <span class='ocrx_word' id='word_1_20' title='bbox 1265 1318 1368 1385; x_wconf 85' lang='lat' dir='ltr'>groete</span> <span class='ocrx_word' id='word_1_21' title='bbox 1388 1304 1476 1367; x_wconf 85' lang='lat' dir='ltr'>brant</span> <span class='ocrx_word' id='word_1_22' title='bbox 1497 1306 1528 1366; x_wconf 91' lang='lat' dir='ltr'>in</span> <span class='ocrx_word' id='word_1_23' title='bbox 1551 1304 1603 1367; x_wconf 88' lang='lat' dir='ltr'>der</span> <span class='ocrx_word' id='word_1_24' title='bbox 1615 1305 1698 1382; x_wconf 79' lang='lat' dir='ltr'>stad3</span> <span class='ocrx_word' id='word_1_25' title='bbox 1714 1305 1763 1367; x_wconf 86' lang='lat' dir='ltr'>die</span> 
     </span>
     <span class='ocr_line' id='line_1_4' title="bbox 743 1385 1764 1476; baseline 0.01 -31"><span class='ocrx_word' id='word_1_26' title='bbox 743 1399 827 1469; x_wconf 85' lang='lat' dir='ltr'>wynt</span> <span class='ocrx_word' id='word_1_27' title='bbox 848 1385 897 1446; x_wconf 90' lang='lat' dir='ltr'>die</span> <span class='ocrx_word' id='word_1_28' title='bbox 917 1386 1005 1448; x_wconf 87' lang='lat' dir='ltr'>dreef</span> <span class='ocrx_word' id='word_1_29' title='bbox 1017 1387 1067 1451; x_wconf 84' lang='lat' dir='ltr'>dat</span> <span class='ocrx_word' id='word_1_30' title='bbox 1091 1410 1166 1451; x_wconf 89' lang='lat' dir='ltr'>vuer</span> <span class='ocrx_word' id='word_1_31' title='bbox 1184 1391 1240 1472; x_wconf 89' lang='lat' dir='ltr'>hyr</span> <span class='ocrx_word' id='word_1_32' title='bbox 1262 1391 1339 1453; x_wconf 86' lang='lat' dir='ltr'>ende</span> <span class='ocrx_word' id='word_1_33' title='bbox 1361 1392 1442 1470; x_wconf 87' lang='lat' dir='ltr'>daer,</span> <span class='ocrx_word' id='word_1_34' title='bbox 1461 1391 1540 1454; x_wconf 87' lang='lat' dir='ltr'>alsoe</span> <span class='ocrx_word' id='word_1_35' title='bbox 1560 1392 1658 1455; x_wconf 88' lang='lat' dir='ltr'>datter</span> <span class='ocrx_word' id='word_1_36' title='bbox 1678 1409 1764 1476; x_wconf 86' lang='lat' dir='ltr'>groet</span> 
     </span>
     <span class='ocr_line' id='line_1_5' title="bbox 745 1472 1763 1563; baseline 0.008 -29"><span class='ocrx_word' id='word_1_37' title='bbox 745 1473 831 1534; x_wconf 78' lang='lat' dir='ltr'>brattt</span> <span class='ocrx_word' id='word_1_38' title='bbox 844 1472 1032 1554; x_wconf 82' lang='lat' dir='ltr'>gheschiede.</span> <span class='ocrx_word' id='word_1_39' title='bbox 1048 1475 1110 1538; x_wconf 86' lang='lat' dir='ltr'>Die</span> <span class='ocrx_word' id='word_1_40' title='bbox 1121 1477 1294 1540; x_wconf 79' lang='lat' dir='ltr'>stadlueden</span> <span class='ocrx_word' id='word_1_41' title='bbox 1309 1478 1433 1541; x_wconf 83' lang='lat' dir='ltr'>worden</span> <span class='ocrx_word' id='word_1_42' title='bbox 1447 1477 1649 1555; x_wconf 80' lang='lat' dir='ltr'>verveert3s1e</span> <span class='ocrx_word' id='word_1_43' title='bbox 1663 1479 1763 1563; x_wconf 83' lang='lat' dir='ltr'>liepen</span> 
     </span>
     <span class='ocr_line' id='line_1_6' title="bbox 744 1559 1762 1648; baseline 0.007 -27"><span class='ocrx_word' id='word_1_44' title='bbox 744 1559 885 1622; x_wconf 83' lang='lat' dir='ltr'>eendeels</span> <span class='ocrx_word' id='word_1_45' title='bbox 899 1560 944 1622; x_wconf 90' lang='lat' dir='ltr'>int</span> <span class='ocrx_word' id='word_1_46' title='bbox 957 1577 1049 1624; x_wconf 86' lang='lat' dir='ltr'>water</span> <span class='ocrx_word' id='word_1_47' title='bbox 1062 1563 1139 1626; x_wconf 90' lang='lat' dir='ltr'>ende</span> <span class='ocrx_word' id='word_1_48' title='bbox 1150 1564 1361 1644; x_wconf 76' lang='lat' dir='ltr'>verdrendien,</span> <span class='ocrx_word' id='word_1_49' title='bbox 1375 1564 1540 1648; x_wconf 86' lang='lat' dir='ltr'>sommighe</span> <span class='ocrx_word' id='word_1_50' title='bbox 1553 1568 1679 1629; x_wconf 86' lang='lat' dir='ltr'>worden</span> <span class='ocrx_word' id='word_1_51' title='bbox 1694 1586 1762 1628; x_wconf 90' lang='lat' dir='ltr'>ver·</span> 
     </span>
     <span class='ocr_line' id='line_1_7' title="bbox 744 1646 1764 1735; baseline 0.009 -27"><span class='ocrx_word' id='word_1_52' title='bbox 744 1646 832 1712; x_wconf 86' lang='lat' dir='ltr'>brant</span> <span class='ocrx_word' id='word_1_53' title='bbox 846 1669 903 1709; x_wconf 84' lang='lat' dir='ltr'>van</span> <span class='ocrx_word' id='word_1_54' title='bbox 918 1646 969 1710; x_wconf 89' lang='lat' dir='ltr'>dat</span> <span class='ocrx_word' id='word_1_55' title='bbox 982 1666 1069 1732; x_wconf 85' lang='lat' dir='ltr'>grote</span> <span class='ocrx_word' id='word_1_56' title='bbox 1084 1673 1167 1730; x_wconf 85' lang='lat' dir='ltr'>vuer,</span> <span class='ocrx_word' id='word_1_57' title='bbox 1181 1651 1348 1735; x_wconf 86' lang='lat' dir='ltr'>sommighe</span> <span class='ocrx_word' id='word_1_58' title='bbox 1367 1653 1492 1715; x_wconf 84' lang='lat' dir='ltr'>worden</span> <span class='ocrx_word' id='word_1_59' title='bbox 1512 1674 1570 1716; x_wconf 82' lang='lat' dir='ltr'>van</span> <span class='ocrx_word' id='word_1_60' title='bbox 1591 1655 1650 1717; x_wconf 89' lang='lat' dir='ltr'>den</span> <span class='ocrx_word' id='word_1_61' title='bbox 1672 1653 1764 1717; x_wconf 82' lang='lat' dir='ltr'>Kars-</span> 
     </span>
     <span class='ocr_line' id='line_1_8' title="bbox 743 1735 1764 1824; baseline 0.009 -27"><span class='ocrx_word' id='word_1_62' title='bbox 743 1749 833 1798; x_wconf 86' lang='lat' dir='ltr'>tenen</span> <span class='ocrx_word' id='word_1_63' title='bbox 847 1737 920 1798; x_wconf 88' lang='lat' dir='ltr'>doet</span> <span class='ocrx_word' id='word_1_64' title='bbox 929 1735 1160 1822; x_wconf 82' lang='lat' dir='ltr'>gheschlaghen,</span> <span class='ocrx_word' id='word_1_65' title='bbox 1169 1740 1549 1824; x_wconf 83' lang='lat' dir='ltr'>sommigheghevanghen.</span> <span class='ocrx_word' id='word_1_66' title='bbox 1558 1741 1764 1822; x_wconf 84' lang='lat' dir='ltr'>DieVriesen‚</span> 
     </span>
     <span class='ocr_line' id='line_1_9' title="bbox 743 1823 1764 1912; baseline 0.008 -27"><span class='ocrx_word' id='word_1_67' title='bbox 743 1823 799 1886; x_wconf 85' lang='lat' dir='ltr'>mit</span> <span class='ocrx_word' id='word_1_68' title='bbox 808 1824 900 1887; x_wconf 88' lang='lat' dir='ltr'>hoere</span> <span class='ocrx_word' id='word_1_69' title='bbox 912 1843 1082 1908; x_wconf 85' lang='lat' dir='ltr'>companen</span> <span class='ocrx_word' id='word_1_70' title='bbox 1094 1832 1173 1891; x_wconf 83' lang='lat' dir='ltr'>ende</span> <span class='ocrx_word' id='word_1_71' title='bbox 1181 1828 1337 1911; x_wconf 83' lang='lat' dir='ltr'>hulperen,</span> <span class='ocrx_word' id='word_1_72' title='bbox 1348 1830 1500 1912; x_wconf 85' lang='lat' dir='ltr'>ghinghen</span> <span class='ocrx_word' id='word_1_73' title='bbox 1512 1853 1569 1894; x_wconf 85' lang='lat' dir='ltr'>van</span> <span class='ocrx_word' id='word_1_74' title='bbox 1584 1830 1642 1893; x_wconf 90' lang='lat' dir='ltr'>den</span> <span class='ocrx_word' id='word_1_75' title='bbox 1657 1845 1764 1897; x_wconf 87' lang='lat' dir='ltr'>toerne</span> 
     </span>
     <span class='ocr_line' id='line_1_10' title="bbox 742 1912 1763 2002; baseline 0.008 -29"><span class='ocrx_word' id='word_1_76' title='bbox 742 1913 773 1974; x_wconf 88' lang='lat' dir='ltr'>in</span> <span class='ocrx_word' id='word_1_77' title='bbox 794 1912 848 1974; x_wconf 88' lang='lat' dir='ltr'>der</span> <span class='ocrx_word' id='word_1_78' title='bbox 865 1912 939 1990; x_wconf 86' lang='lat' dir='ltr'>stad,</span> <span class='ocrx_word' id='word_1_79' title='bbox 956 1916 1034 1976; x_wconf 87' lang='lat' dir='ltr'>ende</span> <span class='ocrx_word' id='word_1_80' title='bbox 1052 1938 1162 1979; x_wconf 87' lang='lat' dir='ltr'>namen</span> <span class='ocrx_word' id='word_1_81' title='bbox 1186 1919 1260 1978; x_wconf 88' lang='lat' dir='ltr'>doer</span> <span class='ocrx_word' id='word_1_82' title='bbox 1319 1933 1370 1979; x_wconf 90' lang='lat' dir='ltr'>oet</span> <span class='ocrx_word' id='word_1_83' title='bbox 1386 1916 1468 1980; x_wconf 88' lang='lat' dir='ltr'>schat</span> <span class='ocrx_word' id='word_1_84' title='bbox 1489 1919 1566 1980; x_wconf 86' lang='lat' dir='ltr'>ende</span> <span class='ocrx_word' id='word_1_85' title='bbox 1586 1934 1667 2002; x_wconf 82' lang='lat' dir='ltr'>guet,</span> <span class='ocrx_word' id='word_1_86' title='bbox 1685 1918 1763 1981; x_wconf 90' lang='lat' dir='ltr'>ende</span> 
     </span>
     <span class='ocr_line' id='line_1_11' title="bbox 744 1999 1763 2090; baseline 0.006 -28"><span class='ocrx_word' id='word_1_87' title='bbox 744 2017 806 2063; x_wconf 81' lang='lat' dir='ltr'>wat</span> <span class='ocrx_word' id='word_1_88' title='bbox 819 1999 889 2063; x_wconf 88' lang='lat' dir='ltr'>vole</span> <span class='ocrx_word' id='word_1_89' title='bbox 904 1999 943 2064; x_wconf 80' lang='lat' dir='ltr'>ste</span> <span class='ocrx_word' id='word_1_90' title='bbox 957 2003 1137 2086; x_wconf 86' lang='lat' dir='ltr'>beereghen,</span> <span class='ocrx_word' id='word_1_91' title='bbox 1148 2004 1268 2088; x_wconf 87' lang='lat' dir='ltr'>ssoghen</span> <span class='ocrx_word' id='word_1_92' title='bbox 1306 2025 1323 2066; x_wconf 83' lang='lat' dir='ltr'>e</span> <span class='ocrx_word' id='word_1_93' title='bbox 1337 2004 1419 2068; x_wconf 87' lang='lat' dir='ltr'>doet.</span> <span class='ocrx_word' id='word_1_94' title='bbox 1428 2004 1484 2066; x_wconf 88' lang='lat' dir='ltr'>Als</span> <span class='ocrx_word' id='word_1_95' title='bbox 1498 2001 1537 2066; x_wconf 91' lang='lat' dir='ltr'>s1e</span> <span class='ocrx_word' id='word_1_96' title='bbox 1552 2003 1763 2090; x_wconf 79' lang='lat' dir='ltr'>aldusdanighe</span> 
     </span>
     <span class='ocr_line' id='line_1_12' title="bbox 743 2089 1763 2175; baseline 0.006 -24"><span class='ocrx_word' id='word_1_97' title='bbox 743 2089 821 2173; x_wconf 88' lang='lat' dir='ltr'>stoyt</span> <span class='ocrx_word' id='word_1_98' title='bbox 834 2090 954 2152; x_wconf 86' lang='lat' dir='ltr'>hadden</span> <span class='ocrx_word' id='word_1_99' title='bbox 967 2092 1169 2172; x_wconf 83' lang='lat' dir='ltr'>ghewonnen,</span> <span class='ocrx_word' id='word_1_100' title='bbox 1182 2115 1292 2156; x_wconf 87' lang='lat' dir='ltr'>namen</span> <span class='ocrx_word' id='word_1_101' title='bbox 1305 2090 1344 2154; x_wconf 86' lang='lat' dir='ltr'>ste</span> <span class='ocrx_word' id='word_1_102' title='bbox 1355 2094 1448 2155; x_wconf 89' lang='lat' dir='ltr'>hoere</span> <span class='ocrx_word' id='word_1_103' title='bbox 1460 2093 1609 2155; x_wconf 86' lang='lat' dir='ltr'>anckeren</span> <span class='ocrx_word' id='word_1_104' title='bbox 1621 2115 1671 2175; x_wconf 84' lang='lat' dir='ltr'>op,</span> <span class='ocrx_word' id='word_1_105' title='bbox 1686 2095 1763 2157; x_wconf 85' lang='lat' dir='ltr'>ende</span> 
     </span>
     <span class='ocr_line' id='line_1_13' title="bbox 741 2176 1763 2264; baseline 0.007 -26"><span class='ocrx_word' id='word_1_106' title='bbox 741 2176 792 2261; x_wconf 87' lang='lat' dir='ltr'>syn</span> <span class='ocrx_word' id='word_1_107' title='bbox 807 2177 910 2241; x_wconf 84' lang='lat' dir='ltr'>weder</span> <span class='ocrx_word' id='word_1_108' title='bbox 924 2179 955 2240; x_wconf 91' lang='lat' dir='ltr'>in</span> <span class='ocrx_word' id='word_1_109' title='bbox 974 2178 1025 2242; x_wconf 85' lang='lat' dir='ltr'>dat</span> <span class='ocrx_word' id='word_1_110' title='bbox 1040 2180 1187 2244; x_wconf 81' lang='lat' dir='ltr'>Karstene</span> <span class='ocrx_word' id='word_1_111' title='bbox 1202 2182 1274 2244; x_wconf 87' lang='lat' dir='ltr'>heer</span> <span class='ocrx_word' id='word_1_112' title='bbox 1289 2181 1458 2264; x_wconf 84' lang='lat' dir='ltr'>ghecomen</span> <span class='ocrx_word' id='word_1_113' title='bbox 1473 2182 1529 2243; x_wconf 88' lang='lat' dir='ltr'>mit</span> <span class='ocrx_word' id='word_1_114' title='bbox 1547 2196 1651 2264; x_wconf 82' lang='lat' dir='ltr'>groter</span> <span class='ocrx_word' id='word_1_115' title='bbox 1664 2200 1763 2245; x_wconf 83' lang='lat' dir='ltr'>ceren.</span> 
     </span>
     <span class='ocr_line' id='line_1_14' title="bbox 741 2263 1762 2351; baseline 0.005 -25"><span class='ocrx_word' id='word_1_116' title='bbox 741 2263 800 2327; x_wconf 87' lang='lat' dir='ltr'>Dit</span> <span class='ocrx_word' id='word_1_117' title='bbox 813 2266 877 2327; x_wconf 80' lang='lat' dir='ltr'>hest</span> <span class='ocrx_word' id='word_1_118' title='bbox 891 2264 966 2330; x_wconf 93' lang='lat' dir='ltr'>God</span> <span class='ocrx_word' id='word_1_119' title='bbox 986 2266 1025 2350; x_wconf 88' lang='lat' dir='ltr'>by</span> <span class='ocrx_word' id='word_1_120' title='bbox 1039 2289 1095 2330; x_wconf 88' lang='lat' dir='ltr'>ons</span> <span class='ocrx_word' id='word_1_121' title='bbox 1110 2268 1286 2330; x_wconf 86' lang='lat' dir='ltr'>oltvaderen</span> <span class='ocrx_word' id='word_1_122' title='bbox 1300 2268 1457 2351; x_wconf 79' lang='lat' dir='ltr'>ghedaen3</span> <span class='ocrx_word' id='word_1_123' title='bbox 1473 2269 1647 2331; x_wconf 88' lang='lat' dir='ltr'>daeromme</span> <span class='ocrx_word' id='word_1_124' title='bbox 1660 2268 1762 2334; x_wconf 86' lang='lat' dir='ltr'>willen</span> 
     </span>
     <span class='ocr_line' id='line_1_15' title="bbox 741 2353 1763 2441; baseline 0.006 -27"><span class='ocrx_word' id='word_1_125' title='bbox 741 2375 790 2436; x_wconf 90' lang='lat' dir='ltr'>wy</span> <span class='ocrx_word' id='word_1_126' title='bbox 805 2353 887 2415; x_wconf 88' lang='lat' dir='ltr'>Hem</span> <span class='ocrx_word' id='word_1_127' title='bbox 898 2353 993 2418; x_wconf 88' lang='lat' dir='ltr'>altoes</span> <span class='ocrx_word' id='word_1_128' title='bbox 1005 2355 1154 2420; x_wconf 88' lang='lat' dir='ltr'>dienende</span> <span class='ocrx_word' id='word_1_129' title='bbox 1164 2357 1273 2434; x_wconf 89' lang='lat' dir='ltr'>wesen,</span> <span class='ocrx_word' id='word_1_130' title='bbox 1282 2378 1334 2418; x_wconf 92' lang='lat' dir='ltr'>om</span> <span class='ocrx_word' id='word_1_131' title='bbox 1346 2370 1376 2418; x_wconf 85' lang='lat' dir='ltr'>te</span> <span class='ocrx_word' id='word_1_132' title='bbox 1387 2357 1573 2440; x_wconf 87' lang='lat' dir='ltr'>vercryghen</span> <span class='ocrx_word' id='word_1_133' title='bbox 1585 2358 1636 2420; x_wconf 87' lang='lat' dir='ltr'>dat</span> <span class='ocrx_word' id='word_1_134' title='bbox 1646 2359 1763 2441; x_wconf 82' lang='lat' dir='ltr'>ewighe</span> 
     </span>
     <span class='ocr_line' id='line_1_16' title="bbox 742 2439 965 2506; baseline 0.022 -6"><span class='ocrx_word' id='word_1_135' title='bbox 742 2439 838 2506; x_wconf 85' lang='lat' dir='ltr'>leven.</span> <span class='ocrx_word' id='word_1_136' title='bbox 854 2442 965 2505; x_wconf 88' lang='lat' dir='ltr'>Amen.</span> 
     </span>
    </p>
   </div>
   <div class='ocr_carea' id='block_1_3' title="bbox 1171 2605 1328 2733">
    <p class='ocr_par' dir='ltr' id='par_1_3' title="bbox 1171 2605 1328 2733">
     <span class='ocr_line' id='line_1_17' title="bbox 1171 2605 1328 2733; baseline -0.006 -39"><span class='ocrx_word' id='word_1_137' title='bbox 1171 2605 1328 2733; x_wconf 84' lang='lat' dir='ltr'>Verfio.</span> 
     </span>
    </p>
   </div>
   <div class='ocr_carea' id='block_1_4' title="bbox 729 2796 1851 4772">
    <p class='ocr_par' dir='ltr' id='par_1_4' title="bbox 730 2796 1851 4135">
     <span class='ocr_line' id='line_1_18' title="bbox 777 2796 1851 2868; baseline 0.001 -18"><span class='ocrx_word' id='word_1_138' title='bbox 777 2797 849 2850; x_wconf 83' lang='lat' dir='ltr'>Nunc</span> <span class='ocrx_word' id='word_1_139' title='bbox 871 2807 952 2850; x_wconf 77' lang='lat' dir='ltr'>auum</span> <span class='ocrx_word' id='word_1_140' title='bbox 970 2796 1130 2867; x_wconf 80' lang='lat' dir='ltr'>unusquisque</span> <span class='ocrx_word' id='word_1_141' title='bbox 1155 2797 1355 2864; x_wconf 66' lang='lat' dir='ltr'>animadvertat,</span> <span class='ocrx_word' id='word_1_142' title='bbox 1373 2812 1467 2868; x_wconf 84' lang='lat' dir='ltr'>quanta</span> <span class='ocrx_word' id='word_1_143' title='bbox 1488 2799 1611 2852; x_wconf 78' lang='lat' dir='ltr'>miracula</span> <span class='ocrx_word' id='word_1_144' title='bbox 1633 2799 1659 2852; x_wconf 89' lang='lat' dir='ltr'>in</span> <span class='ocrx_word' id='word_1_145' title='bbox 1685 2799 1762 2867; x_wconf 83' lang='lat' dir='ltr'>Frifia</span> <span class='ocrx_word' id='word_1_146' title='bbox 1774 2818 1795 2863; x_wconf 78' lang='lat' dir='ltr'>p·</span> <span class='ocrx_word' id='word_1_147' title='bbox 1808 2815 1851 2864; x_wconf 80' lang='lat'>30²</span> 
     </span>
     <span class='ocr_line' id='line_1_19' title="bbox 742 2877 1762 2949; baseline 0.002 -18"><span class='ocrx_word' id='word_1_148' title='bbox 742 2878 880 2931; x_wconf 76' lang='lat' dir='ltr'>evenerint.</span> <span class='ocrx_word' id='word_1_149' title='bbox 901 2878 966 2930; x_wconf 79' lang='lat' dir='ltr'>Erat</span> <span class='ocrx_word' id='word_1_150' title='bbox 983 2888 1033 2929; x_wconf 88' lang='lat' dir='ltr'>turn</span> <span class='ocrx_word' id='word_1_151' title='bbox 1051 2877 1161 2946; x_wconf 74' lang='lat' dir='ltr'>ternporis</span> <span class='ocrx_word' id='word_1_152' title='bbox 1173 2878 1435 2949; x_wconf 65' lang='lat' dir='ltr'>Calnrlescbolasticm</span> <span class='ocrx_word' id='word_1_153' title='bbox 1447 2879 1548 2949; x_wconf 87' lang='lat' dir='ltr'>quidarn</span> <span class='ocrx_word' id='word_1_154' title='bbox 1563 2882 1657 2934; x_wconf 87' lang='lat' dir='ltr'>nentine</span> <span class='ocrx_word' id='word_1_155' title='bbox 1673 2880 1762 2933; x_wconf 84' lang='lat' dir='ltr'>Olive-</span> 
     </span>
     <span class='ocr_line' id='line_1_20' title="bbox 740 2957 1761 3028; baseline 0.003 -18"><span class='ocrx_word' id='word_1_156' title='bbox 740 2958 803 3023; x_wconf 89' lang='lat' dir='ltr'>rius,</span> <span class='ocrx_word' id='word_1_157' title='bbox 814 2957 857 3027; x_wconf 88' lang='lat' dir='ltr'>qui</span> <span class='ocrx_word' id='word_1_158' title='bbox 869 2957 917 3010; x_wconf 82' lang='lat' dir='ltr'>vir</span> <span class='ocrx_word' id='word_1_159' title='bbox 919 2958 1024 3025; x_wconf 73' lang='lat' dir='ltr'>sendus</span> <span class='ocrx_word' id='word_1_160' title='bbox 1035 2973 1053 3008; x_wconf 84' lang='lat' dir='ltr'><strong><em>a</em></strong></span> <span class='ocrx_word' id='word_1_161' title='bbox 1060 2966 1130 3025; x_wconf 78' lang='lat' dir='ltr'>papa</span> <span class='ocrx_word' id='word_1_162' title='bbox 1142 2966 1189 3026; x_wconf 79' lang='lat' dir='ltr'>per</span> <span class='ocrx_word' id='word_1_163' title='bbox 1201 2975 1279 3010; x_wconf 82' lang='lat' dir='ltr'>onmes</span> <span class='ocrx_word' id='word_1_164' title='bbox 1291 2959 1438 3028; x_wconf 70' lang='lat' dir='ltr'>epit&#39;cepatus</span> <span class='ocrx_word' id='word_1_165' title='bbox 1449 2958 1547 3026; x_wconf 79' lang='lat' dir='ltr'>diaeeeſs</span> <span class='ocrx_word' id='word_1_166' title='bbox 1560 2958 1688 3026; x_wconf 77' lang='lat' dir='ltr'>Coloniensi</span> <span class='ocrx_word' id='word_1_167' title='bbox 1693 2960 1761 3026; x_wconf 88' lang='lat' dir='ltr'>sub·</span> 
     </span>
     <span class='ocr_line' id='line_1_21' title="bbox 739 3034 1762 3108; baseline 0.003 -19"><span class='ocrx_word' id='word_1_168' title='bbox 739 3037 801 3090; x_wconf 90' lang='lat' dir='ltr'>ditos</span> <span class='ocrx_word' id='word_1_169' title='bbox 812 3034 950 3090; x_wconf 81' lang='lat' dir='ltr'>concionari</span> <span class='ocrx_word' id='word_1_170' title='bbox 961 3035 1041 3102; x_wconf 83' lang='lat' dir='ltr'>iuffus,</span> <span class='ocrx_word' id='word_1_171' title='bbox 1052 3035 1078 3087; x_wconf 91' lang='lat' dir='ltr'>in</span> <span class='ocrx_word' id='word_1_172' title='bbox 1091 3035 1193 3103; x_wconf 78' lang='lat' dir='ltr'>Frifiant</span> <span class='ocrx_word' id='word_1_173' title='bbox 1206 3037 1279 3090; x_wconf 86' lang='lat' dir='ltr'>venit</span> <span class='ocrx_word' id='word_1_174' title='bbox 1291 3037 1370 3106; x_wconf 81' lang='lat' dir='ltr'>ibique</span> <span class='ocrx_word' id='word_1_175' title='bbox 1384 3039 1416 3089; x_wconf 91' lang='lat' dir='ltr'>de</span> <span class='ocrx_word' id='word_1_176' title='bbox 1428 3039 1463 3092; x_wconf 79' lang='lat' dir='ltr'>vi</span> <span class='ocrx_word' id='word_1_177' title='bbox 1476 3050 1549 3108; x_wconf 83' lang='lat' dir='ltr'>atque</span> <span class='ocrx_word' id='word_1_178' title='bbox 1562 3040 1661 3092; x_wconf 83' lang='lat' dir='ltr'>virtute</span> <span class='ocrx_word' id='word_1_179' title='bbox 1669 3041 1762 3092; x_wconf 65' lang='lat' dir='ltr'>San&amp;</span> 
     </span>
     <span class='ocr_line' id='line_1_22' title="bbox 739 3115 1762 3187; baseline -0.002 -17"><span class='ocrx_word' id='word_1_180' title='bbox 739 3116 825 3171; x_wconf 86' lang='lat' dir='ltr'>Crucis</span> <span class='ocrx_word' id='word_1_181' title='bbox 833 3115 974 3186; x_wconf 73' lang='lat' dir='ltr'>predicare</span> <span class='ocrx_word' id='word_1_182' title='bbox 985 3115 1058 3183; x_wconf 76' lang='lat' dir='ltr'>carpit</span> <span class='ocrx_word' id='word_1_183' title='bbox 1067 3125 1140 3184; x_wconf 83' lang='lat' dir='ltr'>atque</span> <span class='ocrx_word' id='word_1_184' title='bbox 1148 3116 1294 3181; x_wconf 72' lang='lat' dir='ltr'>mandavit,</span> <span class='ocrx_word' id='word_1_185' title='bbox 1305 3128 1332 3168; x_wconf 91' lang='lat' dir='ltr'>ut</span> <span class='ocrx_word' id='word_1_186' title='bbox 1340 3117 1499 3187; x_wconf 85' lang='lat' dir='ltr'>unusquisque</span> <span class='ocrx_word' id='word_1_187' title='bbox 1511 3117 1537 3171; x_wconf 89' lang='lat' dir='ltr'>in</span> <span class='ocrx_word' id='word_1_188' title='bbox 1548 3118 1612 3172; x_wconf 86' lang='lat' dir='ltr'>omni</span> <span class='ocrx_word' id='word_1_189' title='bbox 1622 3117 1762 3184; x_wconf 77' lang='lat' dir='ltr'>discrimine</span> 
     </span>
     <span class='ocr_line' id='line_1_23' title="bbox 740 3193 1764 3266; baseline 0.001 -19"><span class='ocrx_word' id='word_1_190' title='bbox 740 3197 769 3247; x_wconf 59' lang='grc' dir='ltr'>ὅ</span> <span class='ocrx_word' id='word_1_191' title='bbox 774 3194 881 3264; x_wconf 75' lang='lat' dir='ltr'>periculo</span> <span class='ocrx_word' id='word_1_192' title='bbox 887 3194 956 3262; x_wconf 82' lang='lat' dir='ltr'>figno</span> <span class='ocrx_word' id='word_1_193' title='bbox 963 3194 1042 3246; x_wconf 90' lang='lat' dir='ltr'>crucis</span> <span class='ocrx_word' id='word_1_194' title='bbox 1047 3194 1079 3259; x_wconf 83' lang='lat' dir='ltr'>se</span> <span class='ocrx_word' id='word_1_195' title='bbox 1079 3193 1199 3263; x_wconf 73' lang='lat' dir='ltr'>signaret.</span> <span class='ocrx_word' id='word_1_196' title='bbox 1209 3196 1361 3264; x_wconf 76' lang='lat' dir='ltr'>baptizabat</span> <span class='ocrx_word' id='word_1_197' title='bbox 1368 3197 1464 3266; x_wconf 82' lang='lat' dir='ltr'>quidem</span> <span class='ocrx_word' id='word_1_198' title='bbox 1474 3197 1615 3262; x_wconf 77' lang='lat' dir='ltr'>&amp;faciebat</span> <span class='ocrx_word' id='word_1_199' title='bbox 1622 3195 1764 3266; x_wconf 79' lang='lat' dir='ltr'>christianos</span> 
     </span>
     <span class='ocr_line' id='line_1_24' title="bbox 737 3272 1762 3344; baseline 0 -16"><span class='ocrx_word' id='word_1_200' title='bbox 737 3292 780 3328; x_wconf 91' lang='lat' dir='ltr'>nec</span> <span class='ocrx_word' id='word_1_201' title='bbox 798 3293 844 3328; x_wconf 88' lang='lat' dir='ltr'>nan</span> <span class='ocrx_word' id='word_1_202' title='bbox 860 3272 949 3326; x_wconf 85' lang='lat' dir='ltr'>rnultas</span> <span class='ocrx_word' id='word_1_203' title='bbox 962 3283 1048 3342; x_wconf 77' lang='lat' dir='ltr'>gentes</span> <span class='ocrx_word' id='word_1_204' title='bbox 1068 3277 1106 3325; x_wconf 90' lang='lat' dir='ltr'>ad</span> <span class='ocrx_word' id='word_1_205' title='bbox 1121 3291 1214 3327; x_wconf 86' lang='lat' dir='ltr'>verane</span> <span class='ocrx_word' id='word_1_206' title='bbox 1225 3277 1305 3342; x_wconf 82' lang='lat' dir='ltr'>fidem</span> <span class='ocrx_word' id='word_1_207' title='bbox 1321 3277 1490 3342; x_wconf 83' lang='lat' dir='ltr'>convertebat,</span> <span class='ocrx_word' id='word_1_208' title='bbox 1503 3278 1554 3344; x_wconf 88' lang='lat' dir='ltr'>sed</span> <span class='ocrx_word' id='word_1_209' title='bbox 1570 3276 1608 3328; x_wconf 91' lang='lat' dir='ltr'>ilii</span> <span class='ocrx_word' id='word_1_210' title='bbox 1623 3287 1697 3329; x_wconf 85' lang='lat' dir='ltr'>erant</span> <span class='ocrx_word' id='word_1_211' title='bbox 1712 3287 1762 3328; x_wconf 87' lang='lat' dir='ltr'>tane</span> 
     </span>
     <span class='ocr_line' id='line_1_25' title="bbox 738 3351 1762 3423; baseline 0.001 -16"><span class='ocrx_word' id='word_1_212' title='bbox 738 3353 809 3408; x_wconf 88' lang='lat' dir='ltr'>tardi</span> <span class='ocrx_word' id='word_1_213' title='bbox 818 3352 1008 3421; x_wconf 63' lang='lat' dir='ltr'>&amp;pervicacen</span> <span class='ocrx_word' id='word_1_214' title='bbox 1021 3363 1049 3404; x_wconf 88' lang='lat' dir='ltr'>ut</span> <span class='ocrx_word' id='word_1_215' title='bbox 1061 3351 1193 3406; x_wconf 82' lang='lat' dir='ltr'>oliverius</span> <span class='ocrx_word' id='word_1_216' title='bbox 1198 3353 1246 3422; x_wconf 75' lang='lat' dir='ltr'>spe</span> <span class='ocrx_word' id='word_1_217' title='bbox 1256 3355 1352 3408; x_wconf 74' lang='lat' dir='ltr'>abieblo</span> <span class='ocrx_word' id='word_1_218' title='bbox 1362 3357 1457 3407; x_wconf 83' lang='lat' dir='ltr'>domurn</span> <span class='ocrx_word' id='word_1_219' title='bbox 1470 3355 1595 3408; x_wconf 85' lang='lat' dir='ltr'>rediturus</span> <span class='ocrx_word' id='word_1_220' title='bbox 1607 3355 1667 3423; x_wconf 77' lang='lat' dir='ltr'>effer.</span> <span class='ocrx_word' id='word_1_221' title='bbox 1680 3360 1762 3422; x_wconf 63' lang='lat' dir='ltr'>Quen</span> 
     </span>
     <span class='ocr_line' id='line_1_26' title="bbox 738 3430 1762 3504; baseline -0.002 -17"><span class='ocrx_word' id='word_1_222' title='bbox 738 3451 803 3488; x_wconf 83' lang='lat' dir='ltr'>vere</span> <span class='ocrx_word' id='word_1_223' title='bbox 813 3435 925 3502; x_wconf 83' lang='lat' dir='ltr'>quadarn</span> <span class='ocrx_word' id='word_1_224' title='bbox 935 3430 976 3483; x_wconf 85' lang='lat' dir='ltr'>die</span> <span class='ocrx_word' id='word_1_225' title='bbox 978 3431 1058 3498; x_wconf 77' lang='lat' dir='ltr'>steret</span> <span class='ocrx_word' id='word_1_226' title='bbox 1067 3433 1099 3482; x_wconf 84' lang='lat' dir='ltr'>de</span> <span class='ocrx_word' id='word_1_227' title='bbox 1107 3431 1199 3498; x_wconf 74' lang='lat' dir='ltr'>sanda</span> <span class='ocrx_word' id='word_1_228' title='bbox 1212 3450 1284 3485; x_wconf 88' lang='lat' dir='ltr'>cruce</span> <span class='ocrx_word' id='word_1_229' title='bbox 1294 3433 1441 3498; x_wconf 78' lang='lat' dir='ltr'>concionans,</span> <span class='ocrx_word' id='word_1_230' title='bbox 1454 3451 1507 3487; x_wconf 91' lang='lat' dir='ltr'>ecce</span> <span class='ocrx_word' id='word_1_231' title='bbox 1514 3432 1598 3504; x_wconf 84' lang='lat' dir='ltr'>flatirn</span> <span class='ocrx_word' id='word_1_232' title='bbox 1612 3437 1668 3488; x_wconf 78' lang='lat' dir='ltr'>due</span> <span class='ocrx_word' id='word_1_233' title='bbox 1680 3451 1762 3487; x_wconf 90' lang='lat' dir='ltr'>cruces</span> 
     </span>
     <span class='ocr_line' id='line_1_27' title="bbox 736 3511 1763 3583; baseline 0.001 -18"><span class='ocrx_word' id='word_1_234' title='bbox 736 3511 996 3581; x_wconf 71' lang='lat' dir='ltr'>aureepulcberrirtae</span> <span class='ocrx_word' id='word_1_235' title='bbox 1003 3518 1175 3578; x_wconf 74' lang='lat' dir='ltr'>apparerem</span> <span class='ocrx_word' id='word_1_236' title='bbox 1182 3520 1229 3580; x_wconf 80' lang='lat' dir='ltr'>per</span> <span class='ocrx_word' id='word_1_237' title='bbox 1236 3515 1308 3576; x_wconf 81' lang='lat' dir='ltr'>aira,</span> <span class='ocrx_word' id='word_1_238' title='bbox 1318 3511 1354 3564; x_wconf 87' lang='lat' dir='ltr'>ita</span> <span class='ocrx_word' id='word_1_239' title='bbox 1365 3523 1392 3564; x_wconf 88' lang='lat' dir='ltr'>ut</span> <span class='ocrx_word' id='word_1_240' title='bbox 1399 3513 1510 3582; x_wconf 63' lang='lat' dir='ltr'>populun</span> <span class='ocrx_word' id='word_1_241' title='bbox 1519 3513 1562 3583; x_wconf 80' lang='lat' dir='ltr'>qui</span> <span class='ocrx_word' id='word_1_242' title='bbox 1568 3512 1763 3582; x_wconf 73' lang='lat' dir='ltr'>predicationem</span> 
     </span>
     <span class='ocr_line' id='line_1_28' title="bbox 736 3588 1763 3660; baseline 0 -16"><span class='ocrx_word' id='word_1_243' title='bbox 736 3591 863 3656; x_wconf 82' lang='lat' dir='ltr'>audiebat,</span> <span class='ocrx_word' id='word_1_244' title='bbox 878 3588 959 3643; x_wconf 80' lang='lat' dir='ltr'>valde</span> <span class='ocrx_word' id='word_1_245' title='bbox 973 3591 1119 3656; x_wconf 84' lang='lat' dir='ltr'>miraretur,</span> <span class='ocrx_word' id='word_1_246' title='bbox 1131 3589 1234 3659; x_wconf 83' lang='lat' dir='ltr'>plurimi</span> <span class='ocrx_word' id='word_1_247' title='bbox 1248 3608 1313 3644; x_wconf 80' lang='lat' dir='ltr'>vera</span> <span class='ocrx_word' id='word_1_248' title='bbox 1324 3590 1440 3657; x_wconf 74' lang='lat' dir='ltr'>sentem</span> <span class='ocrx_word' id='word_1_249' title='bbox 1459 3611 1554 3645; x_wconf 89' lang='lat' dir='ltr'>crucern</span> <span class='ocrx_word' id='word_1_250' title='bbox 1566 3593 1686 3645; x_wconf 82' lang='lat' dir='ltr'>venerati</span> <span class='ocrx_word' id='word_1_251' title='bbox 1699 3592 1763 3660; x_wconf 73' lang='lat' dir='ltr'>affle-</span> 
     </span>
     <span class='ocr_line' id='line_1_29' title="bbox 737 3667 1762 3740; baseline 0.003 -17"><span class='ocrx_word' id='word_1_252' title='bbox 737 3681 835 3723; x_wconf 89' lang='lat' dir='ltr'>nterent.</span> <span class='ocrx_word' id='word_1_253' title='bbox 856 3667 973 3724; x_wconf 78' lang='lat' dir='ltr'>Nonnulli</span> <span class='ocrx_word' id='word_1_254' title='bbox 985 3686 1066 3721; x_wconf 88' lang='lat' dir='ltr'>eorurn</span> <span class='ocrx_word' id='word_1_255' title='bbox 1078 3670 1259 3736; x_wconf 80' lang='lat' dir='ltr'>confitebantur,</span> <span class='ocrx_word' id='word_1_256' title='bbox 1265 3669 1297 3738; x_wconf 89' lang='lat' dir='ltr'>se</span> <span class='ocrx_word' id='word_1_257' title='bbox 1312 3671 1338 3722; x_wconf 87' lang='lat' dir='ltr'>in</span> <span class='ocrx_word' id='word_1_258' title='bbox 1355 3688 1426 3724; x_wconf 85' lang='lat' dir='ltr'>cruce</span> <span class='ocrx_word' id='word_1_259' title='bbox 1443 3672 1521 3739; x_wconf 85' lang='lat' dir='ltr'>Iesum</span> <span class='ocrx_word' id='word_1_260' title='bbox 1535 3671 1655 3740; x_wconf 82' lang='lat' dir='ltr'>Cbristurn</span> <span class='ocrx_word' id='word_1_261' title='bbox 1663 3671 1762 3739; x_wconf 85' lang='lat' dir='ltr'>saiva·</span> 
     </span>
     <span class='ocr_line' id='line_1_30' title="bbox 737 3747 1762 3818; baseline 0 -15"><span class='ocrx_word' id='word_1_262' title='bbox 737 3760 811 3804; x_wconf 79' lang='lat' dir='ltr'>terem</span> <span class='ocrx_word' id='word_1_263' title='bbox 822 3749 924 3818; x_wconf 82' lang='lat' dir='ltr'>nostrum</span> <span class='ocrx_word' id='word_1_264' title='bbox 936 3747 1035 3816; x_wconf 59' lang='lat' dir='ltr'>vidsse,</span> <span class='ocrx_word' id='word_1_265' title='bbox 1044 3750 1107 3816; x_wconf 85' lang='lat' dir='ltr'>quod</span> <span class='ocrx_word' id='word_1_266' title='bbox 1115 3751 1280 3818; x_wconf 74' lang='lat' dir='ltr'>confirmatum</span> <span class='ocrx_word' id='word_1_267' title='bbox 1289 3749 1321 3818; x_wconf 80' lang='lat' dir='ltr'>est</span> <span class='ocrx_word' id='word_1_268' title='bbox 1330 3750 1363 3800; x_wconf 91' lang='lat' dir='ltr'>ab</span> <span class='ocrx_word' id='word_1_269' title='bbox 1372 3750 1462 3802; x_wconf 90' lang='lat' dir='ltr'>abbate</span> <span class='ocrx_word' id='word_1_270' title='bbox 1471 3751 1627 3817; x_wconf 69' lang='lat' dir='ltr'>Hebierbaci,</span> <span class='ocrx_word' id='word_1_271' title='bbox 1634 3751 1678 3804; x_wconf 89' lang='lat' dir='ltr'>laci</span> <span class='ocrx_word' id='word_1_272' title='bbox 1687 3750 1762 3803; x_wconf 81' lang='lat' dir='ltr'>latine</span> 
     </span>
     <span class='ocr_line' id='line_1_31' title="bbox 738 3827 1761 3899; baseline 0 -16"><span class='ocrx_word' id='word_1_273' title='bbox 738 3827 818 3882; x_wconf 83' lang='lat' dir='ltr'>Vallis</span> <span class='ocrx_word' id='word_1_274' title='bbox 830 3831 854 3880; x_wconf 88' lang='lat' dir='ltr'>S.</span> <span class='ocrx_word' id='word_1_275' title='bbox 871 3828 936 3880; x_wconf 84' lang='lat' dir='ltr'>Petri</span> <span class='ocrx_word' id='word_1_276' title='bbox 946 3827 1041 3892; x_wconf 79' lang='lat' dir='ltr'>vocati,</span> <span class='ocrx_word' id='word_1_277' title='bbox 1053 3827 1151 3895; x_wconf 79' lang='lat' dir='ltr'>pariter</span> <span class='ocrx_word' id='word_1_278' title='bbox 1163 3829 1196 3879; x_wconf 90' lang='lat' dir='ltr'>ab</span> <span class='ocrx_word' id='word_1_279' title='bbox 1208 3828 1313 3895; x_wconf 80' lang='lat' dir='ltr'>eiusdem</span> <span class='ocrx_word' id='word_1_280' title='bbox 1324 3839 1456 3882; x_wconf 84' lang='lat' dir='ltr'>conventus</span> <span class='ocrx_word' id='word_1_281' title='bbox 1469 3827 1563 3895; x_wconf 73' lang='lat' dir='ltr'>ledere,</span> <span class='ocrx_word' id='word_1_282' title='bbox 1574 3847 1647 3899; x_wconf 81' lang='lat' dir='ltr'>qaune</span> <span class='ocrx_word' id='word_1_283' title='bbox 1663 3841 1761 3899; x_wconf 83' lang='lat' dir='ltr'>uterque</span> 
     </span>
     <span class='ocr_line' id='line_1_32' title="bbox 730 3906 1761 3980; baseline 0 -18"><span class='ocrx_word' id='word_1_284' title='bbox 730 3907 842 3980; x_wconf 82' lang='lat' dir='ltr'>sermoni</span> <span class='ocrx_word' id='word_1_285' title='bbox 852 3906 966 3974; x_wconf 67' lang='lat' dir='ltr'>adfu&#39;stet</span> <span class='ocrx_word' id='word_1_286' title='bbox 978 3907 1006 3957; x_wconf 55' lang='grc' dir='ltr'>Β</span> <span class='ocrx_word' id='word_1_287' title='bbox 1013 3913 1098 3974; x_wconf 78' lang='lat' dir='ltr'>aperte</span> <span class='ocrx_word' id='word_1_288' title='bbox 1114 3908 1179 3959; x_wconf 82' lang='lat' dir='ltr'>duas</span> <span class='ocrx_word' id='word_1_289' title='bbox 1192 3906 1249 3960; x_wconf 83' lang='lat' dir='ltr'>illas</span> <span class='ocrx_word' id='word_1_290' title='bbox 1261 3924 1344 3960; x_wconf 89' lang='lat' dir='ltr'>cruces</span> <span class='ocrx_word' id='word_1_291' title='bbox 1355 3908 1516 3976; x_wconf 64' lang='lat' dir='ltr'>conspexsset,</span> <span class='ocrx_word' id='word_1_292' title='bbox 1527 3921 1556 3962; x_wconf 85' lang='lat' dir='ltr'>ut</span> <span class='ocrx_word' id='word_1_293' title='bbox 1567 3909 1634 3964; x_wconf 85' lang='lat' dir='ltr'>nobis</span> <span class='ocrx_word' id='word_1_294' title='bbox 1646 3909 1685 3962; x_wconf 88' lang='lat' dir='ltr'>iili</span> <span class='ocrx_word' id='word_1_295' title='bbox 1696 3919 1761 3962; x_wconf 88' lang='lat' dir='ltr'>retu·</span> 
     </span>
     <span class='ocr_line' id='line_1_33' title="bbox 736 3985 1760 4056; baseline 0.006 -20"><span class='ocrx_word' id='word_1_296' title='bbox 736 3985 824 4052; x_wconf 70' lang='lat' dir='ltr'>inunt,</span> <span class='ocrx_word' id='word_1_297' title='bbox 844 4003 916 4055; x_wconf 82' lang='lat' dir='ltr'>quum</span> <span class='ocrx_word' id='word_1_298' title='bbox 932 3995 1077 4039; x_wconf 82' lang='lat' dir='ltr'>conventum</span> <span class='ocrx_word' id='word_1_299' title='bbox 1091 3985 1194 4054; x_wconf 80' lang='lat' dir='ltr'>noflrurn</span> <span class='ocrx_word' id='word_1_300' title='bbox 1211 3989 1241 4038; x_wconf 85' lang='lat' dir='ltr'>de</span> <span class='ocrx_word' id='word_1_301' title='bbox 1262 3985 1392 4056; x_wconf 83' lang='lat' dir='ltr'>Clarcarnp</span> <span class='ocrx_word' id='word_1_302' title='bbox 1409 3986 1435 4039; x_wconf 91' lang='lat' dir='ltr'>in</span> <span class='ocrx_word' id='word_1_303' title='bbox 1450 3987 1526 4055; x_wconf 78' lang='lat' dir='ltr'>Frifia</span> <span class='ocrx_word' id='word_1_304' title='bbox 1535 3987 1610 4056; x_wconf 84' lang='lat' dir='ltr'>fiturn</span> <span class='ocrx_word' id='word_1_305' title='bbox 1621 3988 1760 4056; x_wconf 76' lang='lat' dir='ltr'>visitarent,</span> 
     </span>
     <span class='ocr_line' id='line_1_34' title="bbox 737 4064 1760 4135; baseline 0.004 -18"><span class='ocrx_word' id='word_1_306' title='bbox 737 4067 776 4119; x_wconf 87' lang='lat' dir='ltr'>Sic</span> <span class='ocrx_word' id='word_1_307' title='bbox 786 4068 853 4119; x_wconf 85' lang='lat' dir='ltr'>Deus</span> <span class='ocrx_word' id='word_1_308' title='bbox 867 4064 1026 4132; x_wconf 60' lang='lat' dir='ltr'>Omrbotens,</span> <span class='ocrx_word' id='word_1_309' title='bbox 1039 4065 1082 4133; x_wconf 89' lang='lat' dir='ltr'>qui</span> <span class='ocrx_word' id='word_1_310' title='bbox 1088 4073 1135 4134; x_wconf 85' lang='lat' dir='ltr'>pro</span> <span class='ocrx_word' id='word_1_311' title='bbox 1142 4082 1235 4135; x_wconf 84' lang='lat' dir='ltr'>genere</span> <span class='ocrx_word' id='word_1_312' title='bbox 1246 4065 1350 4118; x_wconf 83' lang='lat' dir='ltr'>bernano</span> <span class='ocrx_word' id='word_1_313' title='bbox 1361 4077 1469 4119; x_wconf 80' lang='lat' dir='ltr'>mortuus</span> <span class='ocrx_word' id='word_1_314' title='bbox 1475 4069 1574 4134; x_wconf 88' lang='lat' dir='ltr'>fuerat,</span> <span class='ocrx_word' id='word_1_315' title='bbox 1584 4068 1617 4135; x_wconf 92' lang='lat' dir='ltr'>se</span> <span class='ocrx_word' id='word_1_316' title='bbox 1627 4067 1693 4121; x_wconf 87' lang='lat' dir='ltr'>nobis</span> <span class='ocrx_word' id='word_1_317' title='bbox 1706 4067 1760 4120; x_wconf 88' lang='lat' dir='ltr'>Fri-</span> 
     </span>
    </p>

    <p class='ocr_par' dir='ltr' id='par_1_5' title="bbox 729 4141 1760 4772">
     <span class='ocr_line' id='line_1_35' title="bbox 788 4141 990 4197; baseline -0.02 0"><span class='ocrx_word' id='word_1_318' title='bbox 788 4146 793 4157; x_wconf 87' lang='lat'>&#39;</span> <span class='ocrx_word' id='word_1_319' title='bbox 807 4162 836 4197; x_wconf 82' lang='lat' dir='ltr'>ur</span> <span class='ocrx_word' id='word_1_320' title='bbox 846 4141 990 4196; x_wconf 83' lang='lat' dir='ltr'>revelavit.</span> 
     </span>
     <span class='ocr_line' id='line_1_36' title="bbox 729 4145 1760 4294; baseline 0.003 -19"><span class='ocrx_word' id='word_1_321' title='bbox 729 4145 883 4292; x_wconf 59' lang='lat' dir='ltr'>fimbehgn&#39;ntus</span> <span class='ocrx_word' id='word_1_322' title='bbox 895 4240 984 4292; x_wconf 82' lang='lat' dir='ltr'>quoque</span> <span class='ocrx_word' id='word_1_323' title='bbox 1002 4222 1028 4274; x_wconf 92' lang='lat' dir='ltr'>in</span> <span class='ocrx_word' id='word_1_324' title='bbox 1040 4222 1144 4292; x_wconf 82' lang='lat' dir='ltr'>legenda</span> <span class='ocrx_word' id='word_1_325' title='bbox 1155 4222 1270 4291; x_wconf 64' lang='lat' dir='ltr'>Frisium,</span> <span class='ocrx_word' id='word_1_326' title='bbox 1284 4222 1353 4275; x_wconf 87' lang='lat' dir='ltr'>illurn</span> <span class='ocrx_word' id='word_1_327' title='bbox 1361 4223 1528 4293; x_wconf 75' lang='lat' dir='ltr'>fibelasticunt</span> <span class='ocrx_word' id='word_1_328' title='bbox 1547 4225 1690 4280; x_wconf 83' lang='lat' dir='ltr'>Oliveritero</span> <span class='ocrx_word' id='word_1_329' title='bbox 1702 4225 1760 4294; x_wconf 78' lang='lat' dir='ltr'>plu·</span> 
     </span>
     <span class='ocr_line' id='line_1_37' title="bbox 737 4300 1760 4372; baseline 0.003 -18"><span class='ocrx_word' id='word_1_330' title='bbox 737 4302 812 4356; x_wconf 87' lang='lat' dir='ltr'>rintos</span> <span class='ocrx_word' id='word_1_331' title='bbox 823 4303 944 4370; x_wconf 80' lang='lat' dir='ltr'>adfidern</span> <span class='ocrx_word' id='word_1_332' title='bbox 956 4303 1049 4355; x_wconf 71' lang='lat' dir='ltr'>Sandae</span> <span class='ocrx_word' id='word_1_333' title='bbox 1061 4300 1147 4354; x_wconf 89' lang='lat' dir='ltr'>Crucis</span> <span class='ocrx_word' id='word_1_334' title='bbox 1158 4301 1309 4370; x_wconf 64' lang='lat' dir='ltr'>convertiffe,</span> <span class='ocrx_word' id='word_1_335' title='bbox 1322 4303 1450 4372; x_wconf 86' lang='lat' dir='ltr'>multosque</span> <span class='ocrx_word' id='word_1_336' title='bbox 1455 4303 1553 4372; x_wconf 56' lang='lat' dir='ltr'>signum</span> <span class='ocrx_word' id='word_1_337' title='bbox 1570 4307 1662 4360; x_wconf 75' lang='lat' dir='ltr'>Sancte</span> <span class='ocrx_word' id='word_1_338' title='bbox 1675 4304 1760 4357; x_wconf 88' lang='lat' dir='ltr'>Crucis</span> 
     </span>
     <span class='ocr_line' id='line_1_38' title="bbox 736 4379 1760 4451; baseline 0.001 -16"><span class='ocrx_word' id='word_1_339' title='bbox 736 4381 884 4451; x_wconf 81' lang='lat' dir='ltr'>vestimentis</span> <span class='ocrx_word' id='word_1_340' title='bbox 889 4379 948 4449; x_wconf 84' lang='lat' dir='ltr'>suis</span> <span class='ocrx_word' id='word_1_341' title='bbox 961 4379 1072 4448; x_wconf 83' lang='lat' dir='ltr'>affixiffe,</span> <span class='ocrx_word' id='word_1_342' title='bbox 1085 4383 1148 4432; x_wconf 89' lang='lat' dir='ltr'>unde</span> <span class='ocrx_word' id='word_1_343' title='bbox 1151 4383 1254 4448; x_wconf 89' lang='lat' dir='ltr'>fratres</span> <span class='ocrx_word' id='word_1_344' title='bbox 1267 4380 1390 4450; x_wconf 80' lang='lat' dir='ltr'>crucigert&#39;</span> <span class='ocrx_word' id='word_1_345' title='bbox 1400 4383 1483 4436; x_wconf 84' lang='lat' dir='ltr'>exorti</span> <span class='ocrx_word' id='word_1_346' title='bbox 1490 4381 1558 4450; x_wconf 77' lang='lat' dir='ltr'>sant</span> <span class='ocrx_word' id='word_1_347' title='bbox 1580 4383 1677 4437; x_wconf 80' lang='lat' dir='ltr'>Monuit</span> <span class='ocrx_word' id='word_1_348' title='bbox 1687 4383 1760 4436; x_wconf 86' lang='lat' dir='ltr'>etiant</span> 
     </span>
     <span class='ocr_line' id='line_1_39' title="bbox 736 4459 1760 4531; baseline 0.003 -18"><span class='ocrx_word' id='word_1_349' title='bbox 736 4459 797 4525; x_wconf 87' lang='lat' dir='ltr'>illas,</span> <span class='ocrx_word' id='word_1_350' title='bbox 808 4471 836 4514; x_wconf 85' lang='lat' dir='ltr'>ut</span> <span class='ocrx_word' id='word_1_351' title='bbox 844 4459 1068 4529; x_wconf 78' lang='lat' dir='ltr'>peregrinarentur</span> <span class='ocrx_word' id='word_1_352' title='bbox 1076 4463 1114 4512; x_wconf 86' lang='lat' dir='ltr'>ad</span> <span class='ocrx_word' id='word_1_353' title='bbox 1117 4460 1232 4527; x_wconf 79' lang='lat' dir='ltr'>sanbiune</span> <span class='ocrx_word' id='word_1_354' title='bbox 1235 4459 1393 4530; x_wconf 79' lang='lat' dir='ltr'>sepulchrum</span> <span class='ocrx_word' id='word_1_355' title='bbox 1401 4461 1482 4531; x_wconf 83' lang='lat' dir='ltr'>ibique</span> <span class='ocrx_word' id='word_1_356' title='bbox 1490 4462 1516 4514; x_wconf 92' lang='lat' dir='ltr'>in</span> <span class='ocrx_word' id='word_1_357' title='bbox 1525 4461 1614 4516; x_wconf 82' lang='lat' dir='ltr'>rnilitt&#39;a</span> <span class='ocrx_word' id='word_1_358' title='bbox 1622 4462 1672 4516; x_wconf 84' lang='lat' dir='ltr'>Dei</span> <span class='ocrx_word' id='word_1_359' title='bbox 1681 4463 1760 4528; x_wconf 81' lang='lat' dir='ltr'>consti·</span> 
     </span>
     <span class='ocr_line' id='line_1_40' title="bbox 736 4537 1760 4611; baseline 0.002 -18"><span class='ocrx_word' id='word_1_360' title='bbox 736 4537 792 4606; x_wconf 86' lang='lat' dir='ltr'>tuti,</span> <span class='ocrx_word' id='word_1_361' title='bbox 800 4548 846 4609; x_wconf 85' lang='lat' dir='ltr'>pro</span> <span class='ocrx_word' id='word_1_362' title='bbox 857 4539 949 4607; x_wconf 75' lang='lat' dir='ltr'>Christo</span> <span class='ocrx_word' id='word_1_363' title='bbox 962 4539 988 4591; x_wconf 89' lang='lat' dir='ltr'>in</span> <span class='ocrx_word' id='word_1_364' title='bbox 999 4556 1071 4592; x_wconf 91' lang='lat' dir='ltr'>cruce</span> <span class='ocrx_word' id='word_1_365' title='bbox 1081 4549 1174 4593; x_wconf 80' lang='lat' dir='ltr'>mortuo</span> <span class='ocrx_word' id='word_1_366' title='bbox 1185 4539 1338 4593; x_wconf 80' lang='lat' dir='ltr'>dimicarent.</span> <span class='ocrx_word' id='word_1_367' title='bbox 1359 4541 1412 4611; x_wconf 73' lang='lat' dir='ltr'>Ifflt</span> <span class='ocrx_word' id='word_1_368' title='bbox 1428 4541 1530 4594; x_wconf 87' lang='lat' dir='ltr'>rneridie</span> <span class='ocrx_word' id='word_1_369' title='bbox 1548 4542 1637 4609; x_wconf 88' lang='lat' dir='ltr'>rursus</span> <span class='ocrx_word' id='word_1_370' title='bbox 1652 4543 1760 4611; x_wconf 81' lang='lat' dir='ltr'>pulcbra</span> 
     </span>
     <span class='ocr_line' id='line_1_41' title="bbox 737 4617 1760 4689; baseline 0.004 -19"><span class='ocrx_word' id='word_1_371' title='bbox 737 4619 765 4670; x_wconf 61' lang='grc' dir='ltr'>ὅ</span> <span class='ocrx_word' id='word_1_372' title='bbox 773 4618 844 4672; x_wconf 83' lang='lat' dir='ltr'>clera</span> <span class='ocrx_word' id='word_1_373' title='bbox 852 4617 915 4686; x_wconf 75' lang='lat' dir='ltr'>viſsa</span> <span class='ocrx_word' id='word_1_374' title='bbox 926 4617 1060 4687; x_wconf 74' lang='lat' dir='ltr'>apparuit:</span> <span class='ocrx_word' id='word_1_375' title='bbox 1071 4637 1128 4672; x_wconf 81' lang='lat' dir='ltr'>nant</span> <span class='ocrx_word' id='word_1_376' title='bbox 1137 4627 1254 4688; x_wconf 78' lang='lat' dir='ltr'>peraera</span> <span class='ocrx_word' id='word_1_377' title='bbox 1265 4619 1389 4674; x_wconf 85' lang='lat' dir='ltr'>exercitus</span> <span class='ocrx_word' id='word_1_378' title='bbox 1402 4620 1486 4689; x_wconf 80' lang='lat' dir='ltr'>ingens</span> <span class='ocrx_word' id='word_1_379' title='bbox 1495 4620 1598 4674; x_wconf 81' lang='lat' dir='ltr'>rnilitrun</span> <span class='ocrx_word' id='word_1_380' title='bbox 1608 4632 1760 4676; x_wconf 72' lang='lat' dir='ltr'>armatorum</span> 
     </span>
     <span class='ocr_line' id='line_1_42' title="bbox 736 4696 1760 4772; baseline 0.003 -21"><span class='ocrx_word' id='word_1_381' title='bbox 736 4696 884 4762; x_wconf 65' lang='lat' dir='ltr'>videbator,</span> <span class='ocrx_word' id='word_1_382' title='bbox 903 4697 946 4766; x_wconf 83' lang='lat' dir='ltr'>qui</span> <span class='ocrx_word' id='word_1_383' title='bbox 962 4696 1072 4764; x_wconf 84' lang='lat' dir='ltr'>Frt&#39;sones</span> <span class='ocrx_word' id='word_1_384' title='bbox 1090 4698 1291 4769; x_wconf 74' lang='lat' dir='ltr'>alloquebanture</span> <span class='ocrx_word' id='word_1_385' title='bbox 1307 4703 1352 4751; x_wconf 77' lang='lat'>«0</span> <span class='ocrx_word' id='word_1_386' title='bbox 1371 4699 1421 4752; x_wconf 88' lang='lat' dir='ltr'>Dei</span> <span class='ocrx_word' id='word_1_387' title='bbox 1434 4699 1521 4752; x_wconf 84' lang='lat' dir='ltr'>rnilites</span> <span class='ocrx_word' id='word_1_388' title='bbox 1535 4701 1681 4766; x_wconf 85' lang='lat' dir='ltr'>reverendi,</span> <span class='ocrx_word' id='word_1_389' title='bbox 1690 4701 1760 4772; x_wconf 56' lang='lat' dir='ltr'>Arne</span> 
     </span>
    </p>
   </div>
   <div class='ocr_carea' id='block_1_5' title="bbox 0 0 2172 6571">
    <p class='ocr_par' dir='ltr' id='par_1_6' title="bbox 0 0 2172 6571">
     <span class='ocr_line' id='line_1_43' title="bbox 0 0 2172 6571; baseline 0 0"><span class='ocrx_word' id='word_1_390' title='bbox 0 0 2172 6571; x_wconf 95' lang='lat' dir='ltr'> </span> 
     </span>
    </p>
   </div>
  </div>
 </body>
</html>
